timestamp,market,trade_id,side,size,yes_price,no_price
1737582234,poly,b2ddfe17634eca28ce99a072359bb85978e7a828b6bbf944965df4e764d33aa5;198,NO,50.000,0.090,0.910
1737582269,kalshi,d3230d38-e058-4006-ae17-f5ee8f367e08,yes,55.000,0.070,0.930
1737823959,kalshi,4fc95555-f5a5-46e7-83a0-5bd3f161e324,yes,528.000,0.080,0.920
1737823959,kalshi,8071db7c-1ddb-4659-b639-8fbaaf3aebff,yes,7.000,0.080,0.920
1737823959,kalshi,fc688f37-5c68-46e4-8954-9a6a2ba08be8,yes,6.000,0.080,0.920
1737824127,poly,f57c1f0024536feff29a7a05883259e402c589047818933b63d49eb637954251;388,YES,549.000,0.091,0.909
1737944369,kalshi,ea61d5d0-b6f7-45bb-87d6-70ce0a6e23ad,yes,10.000,0.060,0.940
1737944369,kalshi,eeff9209-ab4e-42a3-a565-5adb91c99a6f,yes,50.000,0.060,0.940
1737944379,poly,6d4ea3d2f06e672d475a821a6c883e3dc5b6ddede4badae21ef51ab9a360e8aa;487,NO,20.000,0.082,0.918
1737944379,poly,6d4ea3d2f06e672d475a821a6c883e3dc5b6ddede4badae21ef51ab9a360e8aa;490,NO,40.000,0.082,0.918
1739854263,kalshi,8b87a61e-6949-4642-ab6e-2bf8dc2fa915,yes,285.000,0.040,0.960
1739854331,poly,cf1264f34c91a9522ee67fce1971f4c6236100c94089a7c7938344e119bc6445;419,YES,1.000,0.051,0.949
1740352184,kalshi,84b200ce-bf5b-407f-bbaa-5b97224de77b,no,60.000,0.060,0.940
1740352198,poly,db980834dbaf2926d94f6db88840fc9a091bc9f916829ad396e200b9e599eb9f;215,NO,26.000,0.055,0.945
1740352198,poly,db980834dbaf2926d94f6db88840fc9a091bc9f916829ad396e200b9e599eb9f;225,YES,34.000,0.055,0.945
1740488397,poly,3c03c2802926711cc80685df47b2b1421cd0b194bd39baa24e1c18e536e2081b;341,YES,110.000,0.057,0.943
1740488626,kalshi,a121d089-2943-4535-abd5-b81afdf05612,yes,500.000,0.070,0.930
1740492762,poly,827a51d20a874bd4fad99084649880c87124516616b8400aeccc9ba4b426de05;392,NO,70021.000,0.061,0.939
1740492919,kalshi,8b7d698d-bf76-42ff-8b60-5b89014272f9,no,25.000,0.060,0.940
1740492986,kalshi,ad1b7c48-b14f-485f-8634-8d1f9ddb724a,yes,2.000,0.070,0.930
1740503452,kalshi,25f81671-42b6-4bbb-8ec0-ecb0a7dd3da3,yes,1944.000,0.070,0.930
1740503728,poly,baeb098cb9c041bdb433d0955f0fe610a69a25c8372ed41a7a94f7fffa818f41;416,YES,25.000,0.069,0.931
1741809290,kalshi,d10d2d58-1d71-4a8f-8ddf-776c58c1102c,yes,207.000,0.070,0.930
1741809297,poly,132871f1cae18e9d6debd7fde4e2bb58beac4e8aa378d3f975a9475f2a9534d9;650,YES,207.000,0.097,0.903
1741813520,kalshi,8e243338-974e-426f-a4d9-aad81d3b005a,yes,12.000,0.070,0.930
1741813525,poly,e94fb4c78cb404258ed1d7342a106a99b6b7fd7d00d560f13a6297ef01895e45;242,YES,12.000,0.096,0.904
1741813643,kalshi,abea0157-37ac-47c0-ad5c-1559f34bc5ea,yes,23.000,0.070,0.930
1741813647,poly,0d415d8f84a966d323a3300b84cc35ec5bd64a35e56a1e956317844537d43c27;245,YES,15.000,0.097,0.903
1741813647,poly,0d415d8f84a966d323a3300b84cc35ec5bd64a35e56a1e956317844537d43c27;248,NO,8.000,0.095,0.905
1741826468,poly,b59da2375b96fa003f622bceb67b857fd844e668f0ccae4ceb7db96a27326f69;455,YES,3.000,0.097,0.903
1741826747,kalshi,3e693349-4d69-446a-a6ad-b1a6b8d90e57,yes,78.000,0.070,0.930
1741826752,poly,ec2701b554f5bbc29e77bba509a2b680807abb414ae8727b351ec0fa6277d84c;176,YES,36.000,0.097,0.903
1741826752,poly,ec2701b554f5bbc29e77bba509a2b680807abb414ae8727b351ec0fa6277d84c;179,NO,41.000,0.096,0.904
1741827020,kalshi,446664be-9ffb-4d9b-9baa-28cb327df2dc,yes,737.000,0.070,0.930
1741881275,poly,2b1296ccd75dca2369a0b445f26c0f1dbc85549fa58262dd169e032ea85a21cc;777,NO,50.000,0.144,0.856
1741881279,poly,ab4b64b34d0313e84acb170862f4612fe48800c8f8773d9a6ff279ee420faf01;310,YES,50.000,0.145,0.855
1741881389,kalshi,666e65c5-86a1-4be7-b629-cc7be5ba34b5,yes,963.000,0.100,0.900
1741882109,kalshi,0aa4450a-d53c-41f6-992a-0100719fd590,yes,3300.000,0.110,0.890
1741882109,kalshi,3d40b80b-448a-4579-a281-c65492b50bc8,yes,500.000,0.110,0.890
1741882113,poly,cf1d15ad29192c81206558403d257316874947a6915f118cc872a84a01ee1386;470,YES,3800.000,0.144,0.856
1741882141,kalshi,008ba8c3-0d57-4f84-91fd-e2404c356a7e,yes,162.000,0.100,0.900
1741882141,kalshi,8d7ae6c4-a10e-4ca0-974c-ee1d3fed38bd,yes,2038.000,0.110,0.890
1741882145,poly,f8733833a3203223e15500d64fdee77ac13da96cd60cd17550541a27f3fb132d;396,YES,2200.000,0.144,0.856
1741891465,kalshi,47f4b75f-c56c-43cb-b536-90e9412cbf8b,yes,2349.000,0.110,0.890
1741891465,kalshi,9be74b55-f1e4-45c9-beb8-213274944cd4,yes,9.000,0.100,0.900
1741891468,poly,0806a318a0fa6c629f83a28338b094dd2c29026231289bdbc6174a3e9f969f19;251,YES,2358.000,0.137,0.863
1741892124,kalshi,a4c8637c-eead-4dca-ba9f-1dd94b835fd5,yes,10.000,0.100,0.900
1741892130,poly,b242ba557bfa8534b91265a826a64746c522869309c37bc33e39be897b77f03c;382,YES,10.000,0.127,0.873
1741892163,kalshi,d73c025b-5793-4e7b-b4b3-94477271f907,yes,148.000,0.100,0.900
1741892166,poly,3406830d38fd5a7e93fb657f682a58f64f4351361d408c15014622b801dcf779;868,YES,48.000,0.127,0.873
1741892166,poly,3406830d38fd5a7e93fb657f682a58f64f4351361d408c15014622b801dcf779;882,YES,99.000,0.127,0.873
1741892245,kalshi,5a7f1599-62cb-46a4-82ee-376041f03fa6,yes,33.000,0.100,0.900
1741892245,kalshi,ae2ff6ea-b99b-4a1b-b4a9-84c706fe1f22,yes,25.000,0.100,0.900
1741892250,poly,a0e00b9991ae1a5eb412b1fcff2b4abe16fe80352955a83fe6122bb6afa4d986;290,YES,58.000,0.127,0.873
1741892260,kalshi,735d0686-7e24-4f68-89a0-a76c3f7c1418,yes,58.000,0.100,0.900
1741892266,poly,7de6833835e46e12b37243d9b034bff4029a7fcc9d5197b403608cfcf9a4fb13;275,YES,57.000,0.127,0.873
1741892432,kalshi,a1cd38c2-091c-4157-9f61-a45f283ee087,yes,58.000,0.100,0.900
1741892438,poly,367fcc09e3bab3b517eea214fbe8ff76d7139a1f6638beaa91ae7635f0e625d7;597,YES,58.000,0.127,0.873
1741892448,kalshi,1aa50da3-a48a-4550-bc06-d24a51064711,yes,153.000,0.100,0.900
1741892452,poly,c7439ad0803600c97f7ebbdaa3900a35fbcaa0a0d5f4c4670586af8cdb236787;527,YES,58.000,0.127,0.873
1741892452,poly,c7439ad0803600c97f7ebbdaa3900a35fbcaa0a0d5f4c4670586af8cdb236787;541,YES,94.000,0.127,0.873
1741892869,kalshi,a712ed9e-f765-4381-b09c-bf58be2c89fa,no,2.000,0.090,0.910
1741893002,kalshi,4e093d50-9554-4d6e-aab2-a96ce252b633,yes,39.000,0.100,0.900
1741893006,poly,702e76e0c4205c65e943bb330d8c2a47fb2c4f59ed9d2decd85bc780d0de8cfe;279,NO,39.000,0.127,0.873
1741918407,kalshi,53814b53-c0f9-4d4b-afbe-d96d91bde717,yes,88.000,0.100,0.900
1741918412,poly,de4827d15e48512411f183011be88fa4a327dc2e0ec1f238e041f735d44c7ad3;405,YES,88.000,0.127,0.873
1741918771,kalshi,eec385ad-d32b-4c08-93a5-c1b4328b5b79,yes,172.000,0.100,0.900
1741918774,poly,075fec9cf0a9b036e885d36f0809e77661d4a21327fe601ea43c63d4b3b6a3e1;256,YES,172.000,0.127,0.873
1741919076,kalshi,9dbac6ce-e2f2-438c-9086-a97eaade5387,yes,27.000,0.110,0.890
1741919076,kalshi,bbbe6f2b-7937-4451-9fea-486d2f53bf30,yes,97.000,0.110,0.890
1741919076,kalshi,cb8da960-93d7-499e-afc3-524e45377725,yes,48.000,0.110,0.890
1741919080,poly,a6be390dd7ebbc92997d715fb35c8804c1cdccb3c97ead9b7ee1eac4468c5bfe;485,YES,68.000,0.127,0.873
1741919080,poly,a6be390dd7ebbc92997d715fb35c8804c1cdccb3c97ead9b7ee1eac4468c5bfe;499,YES,104.000,0.127,0.873
1741968013,kalshi,78e0a469-2dd4-4179-9733-70a955119e9a,yes,250.000,0.100,0.900
1741968013,kalshi,a29006b8-06eb-47c5-810e-00e48ae670ee,yes,10.000,0.100,0.900
1741968021,poly,68ebefd91ca48ec56d63fa10d7f29004c902367560c49cd8cfedfcb9cd247f11;857,NO,20.000,0.131,0.869
1741968021,poly,68ebefd91ca48ec56d63fa10d7f29004c902367560c49cd8cfedfcb9cd247f11;860,NO,20.000,0.131,0.869
1741968021,poly,68ebefd91ca48ec56d63fa10d7f29004c902367560c49cd8cfedfcb9cd247f11;863,NO,20.000,0.131,0.869
1741968021,poly,68ebefd91ca48ec56d63fa10d7f29004c902367560c49cd8cfedfcb9cd247f11;866,NO,20.000,0.131,0.869
1741968021,poly,68ebefd91ca48ec56d63fa10d7f29004c902367560c49cd8cfedfcb9cd247f11;869,NO,20.000,0.130,0.870
1741968021,poly,68ebefd91ca48ec56d63fa10d7f29004c902367560c49cd8cfedfcb9cd247f11;872,NO,37.000,0.129,0.871
1741968021,poly,68ebefd91ca48ec56d63fa10d7f29004c902367560c49cd8cfedfcb9cd247f11;875,NO,37.000,0.129,0.871
1741968021,poly,68ebefd91ca48ec56d63fa10d7f29004c902367560c49cd8cfedfcb9cd247f11;878,NO,52.000,0.129,0.871
1741968021,poly,68ebefd91ca48ec56d63fa10d7f29004c902367560c49cd8cfedfcb9cd247f11;881,NO,32.000,0.129,0.871
1742020688,kalshi,51a4d71b-a333-4351-9415-754ada3a621e,yes,10.000,0.100,0.900
1742020692,poly,76860a033a40093d7720ad03449b47bf6db323a0f520c13fb8122624da7c9d41;368,YES,10.000,0.127,0.873
1742079012,kalshi,59f6443c-137f-4318-8766-efd698efa2ee,yes,6.000,0.100,0.900
1742079012,kalshi,a0ae8a1f-5579-45f4-bb77-0824065defcb,yes,25.000,0.100,0.900
1742079018,poly,ca74f82a9ab19a5833f23f89f9207b28ae5e32ed241a446e02e1a5eddc968b88;227,NO,20.000,0.137,0.863
1742079018,poly,ca74f82a9ab19a5833f23f89f9207b28ae5e32ed241a446e02e1a5eddc968b88;230,NO,11.000,0.136,0.864
1742082305,kalshi,01ea4718-b136-4ed5-ab63-74160ae5b2c6,yes,10.000,0.100,0.900
1742082309,poly,dfc28e80cdeeac53db0fe37478005dd221a6bbfef26c8c7fb8ffdce5b4f34ad3;239,NO,10.000,0.129,0.871
1742086429,kalshi,a21e4080-39f9-4681-9e16-ec6135031214,yes,20.000,0.100,0.900
1742086433,poly,63169d2e62cfbd460f76e6277b90cc0646e4070debb58417a9c07823a0ee6fb2;313,NO,20.000,0.127,0.873
1742086458,kalshi,b0df6d35-9eff-44a3-80de-e13afdde6899,yes,159.000,0.100,0.900
1742086461,poly,fcea0718571f4c7ab3ae10585ed1ab19a30caa460b9467a9bd00a975cae710cd;296,NO,59.000,0.128,0.872
1742086461,poly,fcea0718571f4c7ab3ae10585ed1ab19a30caa460b9467a9bd00a975cae710cd;310,YES,99.000,0.128,0.872
1742089885,kalshi,6591b600-5e27-4d38-84a0-f4398527bd14,yes,20.000,0.100,0.900
1742089888,poly,7d35ba71dbb9b9ff55e2285ebeb29b00d3159ccc976e66b2d3ce81d2c0556178;389,NO,20.000,0.127,0.873
1742090784,kalshi,d0d060b0-1dad-40be-9ad5-eca531422c93,yes,20.000,0.100,0.900
1742090787,poly,3146c0c8fb81206b730ccff158ebb7732847a4a08727448d6453573bf73364df;346,NO,20.000,0.127,0.873
1742235675,poly,fdf025385b038cde894878f78821b21004de90436e65c225af2ebb6127bff362;368,NO,7.000,0.139,0.861
1742235787,kalshi,27a6bcbf-9e24-4271-add2-401f7d85d7e2,yes,729.000,0.100,0.900
1742235787,poly,1e8ff1561f71054a3442574c4419c2a35ff39d45ea95c1c6346f6934104f0aaa;264,NO,53.000,0.125,0.875
1742235787,poly,1e8ff1561f71054a3442574c4419c2a35ff39d45ea95c1c6346f6934104f0aaa;278,YES,626.000,0.120,0.880
1742235787,poly,1e8ff1561f71054a3442574c4419c2a35ff39d45ea95c1c6346f6934104f0aaa;292,YES,50.000,0.120,0.880
1742347518,kalshi,9a138431-c713-4270-ac8a-69bfb588b8fe,no,136.000,0.100,0.900
1742347608,poly,0fbe42192294d0a2ced8ea3fb0558986a7395eb25d216a27442d42ea2c48e227;313,NO,1.000,0.125,0.875
1742400222,poly,ef9375b8fc32bd36a80dec9d0369a09a995ab3eb91264555c141f8a06db55e32;346,NO,14.000,0.103,0.897
1742400269,kalshi,fee5587e-ecd8-417b-8461-eae86aa8b4c8,yes,10.000,0.110,0.890
1742400362,kalshi,2644867b-ff82-40b0-acdf-d6f47636d042,yes,100.000,0.110,0.890
1742576320,kalshi,566edca6-1910-429a-81d1-219738af5e22,no,80.000,0.100,0.900
1742576327,poly,799d21f4f443356817979cd6a146f19dcad111a459efc60e3a1ee73017af858c;543,NO,10.000,0.093,0.907
1742576327,poly,799d21f4f443356817979cd6a146f19dcad111a459efc60e3a1ee73017af858c;553,YES,20.000,0.093,0.907
1742576327,poly,799d21f4f443356817979cd6a146f19dcad111a459efc60e3a1ee73017af858c;563,YES,50.000,0.094,0.906
1742658388,poly,23661c834801c0f19974e3fb2d1d1298a577ffea1ec9e2a63eb86b3209050396;631,YES,22.000,0.097,0.903
1742658628,kalshi,95cca922-c844-427f-9904-9985bdb32f51,yes,47.000,0.110,0.890
1742664638,poly,cc8917856ad8b26b3ae4bd993e0144c335e19c50160bf0627a24b6b7aea8f8e3;256,NO,10.000,0.090,0.910
1742664638,poly,cc8917856ad8b26b3ae4bd993e0144c335e19c50160bf0627a24b6b7aea8f8e3;266,NO,10.000,0.087,0.913
1742664761,kalshi,922ee016-3fcb-455c-85b2-f7acf2eeff55,no,55.000,0.100,0.900
1742931306,poly,3e43f444abe6eb8ad8e3d0cf7b8a72afffc927ef7e3c2e3529fb9b4ee09f195a;568,YES,20.000,0.102,0.898
1742931463,kalshi,854ec0b1-36e6-46b5-83ec-a2d5e831d7cb,yes,1.000,0.110,0.890
1742931472,kalshi,bfd066c1-3b09-4227-89d2-166188650cd2,no,1.000,0.090,0.910
1742931835,kalshi,ff024555-e26e-47b9-8076-255bc2287805,yes,4.000,0.110,0.890
1742931848,poly,17f1f8560a59d4c2ca878e337e807f338ea89c4a8281c8f7762cd3474d9e34dc;471,NO,10.000,0.112,0.888
1743002781,poly,406e7b77aefc74dc74e62e3a0631b1699265c6d76857c515e9626050b75cceb3;412,YES,16.000,0.119,0.881
1743002916,kalshi,4682e8cb-200e-42aa-ab12-3d9cfa3758ea,yes,401.000,0.110,0.890
1743006377,kalshi,12ed7ec1-e20b-484e-9192-7d4e96630e8f,yes,30.000,0.110,0.890
1743006611,poly,54323f7ed02f8774f65c3d0be3d9498aee60551e79630927e2515194d3687ce6;954,YES,50.000,0.118,0.882
1743119680,poly,52f05ab8c6c33fcaee9ee7b6609500a94bf66ecbe82e2ffcada6248652a79392;1333,NO,10.000,0.124,0.876
1743119680,poly,52f05ab8c6c33fcaee9ee7b6609500a94bf66ecbe82e2ffcada6248652a79392;1343,NO,15.000,0.124,0.876
1743119680,poly,52f05ab8c6c33fcaee9ee7b6609500a94bf66ecbe82e2ffcada6248652a79392;1353,NO,8.000,0.124,0.876
1743119680,poly,d359b45a4010018c7fb4c106c68153e4b2098280cef3d5ee38cabe7a1ebca393;1253,NO,25.000,0.124,0.876
1743119682,poly,459f5dbfe8a157775803080e25ce9aa99b0505c7cc02ee25746825c2c0235e7f;228,NO,3.000,0.124,0.876
1743119682,poly,459f5dbfe8a157775803080e25ce9aa99b0505c7cc02ee25746825c2c0235e7f;238,NO,15.000,0.124,0.876
1743119682,poly,459f5dbfe8a157775803080e25ce9aa99b0505c7cc02ee25746825c2c0235e7f;248,NO,13.000,0.124,0.876
1743119682,poly,459f5dbfe8a157775803080e25ce9aa99b0505c7cc02ee25746825c2c0235e7f;258,NO,12.000,0.124,0.876
1743119682,poly,459f5dbfe8a157775803080e25ce9aa99b0505c7cc02ee25746825c2c0235e7f;268,NO,8.000,0.124,0.876
1743119682,poly,501345aadde5722062f52cba1db7cdeea9a0f6d33bb8df8131be79495d504f9a;201,NO,8.000,0.124,0.876
1743119682,poly,501345aadde5722062f52cba1db7cdeea9a0f6d33bb8df8131be79495d504f9a;211,NO,7.000,0.124,0.876
1743119684,poly,175097e85ea0e41e7c031535329711e33a32493cdee3e38054f5007ba5b80921;276,YES,15.000,0.124,0.876
1743119740,kalshi,8c368e8e-1cb3-443a-b2f2-2ad3517dbcd1,yes,1250.000,0.100,0.900
1743140898,kalshi,a3d968dc-819c-4e6e-b2b1-9c47e7c52981,yes,111.000,0.100,0.900
1743140918,poly,7ebaa62fc7605f1228b017f07ccdff1595db191b909887ade0f30beaf99d2802;440,NO,111.000,0.129,0.871
1743195315,kalshi,3a6cba4c-7ee8-43e5-b6c7-6b631daacbe0,yes,947.000,0.110,0.890
1743195315,kalshi,3a9ba6ae-c439-45f2-8d09-c81d1d511f5f,yes,1389.000,0.110,0.890
1743195332,poly,a9258779bf9644e0c7130a17ed8a93ec774c13f49f7541294a21d8908e48aa2d;432,YES,2336.000,0.137,0.863
1743347863,kalshi,ce4bd8df-06de-479f-952c-4987821b1a73,yes,769.000,0.120,0.880
1743347873,poly,54b602f8464ddbcc51162368ae6ea9ea3cbdfc3a537b240865e9c40f4be7c83b;380,NO,21.000,0.114,0.886
1743347873,poly,54b602f8464ddbcc51162368ae6ea9ea3cbdfc3a537b240865e9c40f4be7c83b;383,YES,1.000,0.115,0.885
1743348003,poly,abf8ec02396eb21c62f246fd0678faf0eb7574f8d8262c4b40b910bfab0939af;777,NO,22.000,0.112,0.888
1743379784,poly,1d51f738e6942902141466bb7ee8fb68cd5fe35ce0c4d7cbfe99d48b484171e1;217,YES,23.000,0.134,0.866
1743380071,kalshi,0bf3551e-8370-41b3-95f8-54bb770397cd,no,10.000,0.100,0.900
1743393194,poly,e97e93edb432693cd0b7c3baeef8cef68b28c1dd248e10ba24afc7a68778d7f5;357,YES,2.000,0.134,0.866
1743393339,kalshi,0661501e-d5fe-40d7-a78c-4c42602b2b11,yes,10.000,0.110,0.890
1743437989,kalshi,241e4749-20d7-409e-90df-f9465f52577b,yes,500.000,0.100,0.900
1743437989,kalshi,3344b22c-11f7-41fe-b527-12f51bccd6c1,yes,4.000,0.100,0.900
1743438019,poly,d879ab0cbcbe1b333be231667399b27bf37825ef01595f23ff84d8cabc3c3c68;1301,NO,31.000,0.134,0.866
1743438019,poly,d879ab0cbcbe1b333be231667399b27bf37825ef01595f23ff84d8cabc3c3c68;1304,NO,44.000,0.134,0.866
1743438019,poly,d879ab0cbcbe1b333be231667399b27bf37825ef01595f23ff84d8cabc3c3c68;1307,NO,5.000,0.134,0.866
1743438019,poly,d879ab0cbcbe1b333be231667399b27bf37825ef01595f23ff84d8cabc3c3c68;1310,NO,11.000,0.134,0.866
1743438019,poly,d879ab0cbcbe1b333be231667399b27bf37825ef01595f23ff84d8cabc3c3c68;1313,NO,6.000,0.134,0.866
1743438019,poly,d879ab0cbcbe1b333be231667399b27bf37825ef01595f23ff84d8cabc3c3c68;1327,YES,100.000,0.134,0.866
1743438019,poly,d879ab0cbcbe1b333be231667399b27bf37825ef01595f23ff84d8cabc3c3c68;1341,YES,250.000,0.132,0.868
1743438019,poly,d879ab0cbcbe1b333be231667399b27bf37825ef01595f23ff84d8cabc3c3c68;1344,NO,50.000,0.132,0.868
1743438019,poly,d879ab0cbcbe1b333be231667399b27bf37825ef01595f23ff84d8cabc3c3c68;1347,NO,4.000,0.132,0.868
1743958584,poly,a3a5118ff35da993b26a874e7da58c34c97e9a6da88f7c12551ae4bcb8166dfd;181,NO,10.000,0.086,0.914
1743958584,poly,a3a5118ff35da993b26a874e7da58c34c97e9a6da88f7c12551ae4bcb8166dfd;191,YES,10.000,0.086,0.914
1743958584,poly,a3a5118ff35da993b26a874e7da58c34c97e9a6da88f7c12551ae4bcb8166dfd;201,YES,100.000,0.087,0.913
1743958584,poly,a3a5118ff35da993b26a874e7da58c34c97e9a6da88f7c12551ae4bcb8166dfd;205,NO,100.000,0.087,0.913
1743958584,poly,a3a5118ff35da993b26a874e7da58c34c97e9a6da88f7c12551ae4bcb8166dfd;209,NO,332.000,0.088,0.912
1743958596,kalshi,e4588089-d356-42e0-9af7-77da6507c3fc,no,552.000,0.100,0.900
1743959513,kalshi,739f068a-a9e3-4dd2-88bd-e35a3a36b12a,no,180.000,0.100,0.900
1743959513,kalshi,efe6748b-9ff2-42df-a654-67fcac4378fd,no,156.000,0.100,0.900
1743959518,poly,6ed183fe904bf7ac406a80595fda1e06d694f85e5793205f6de8f15e004fafef;283,NO,168.000,0.088,0.912
1743959518,poly,6ed183fe904bf7ac406a80595fda1e06d694f85e5793205f6de8f15e004fafef;293,YES,18.000,0.088,0.912
1743959518,poly,6ed183fe904bf7ac406a80595fda1e06d694f85e5793205f6de8f15e004fafef;303,YES,50.000,0.088,0.912
1743959518,poly,6ed183fe904bf7ac406a80595fda1e06d694f85e5793205f6de8f15e004fafef;313,YES,50.000,0.088,0.912
1743959518,poly,6ed183fe904bf7ac406a80595fda1e06d694f85e5793205f6de8f15e004fafef;323,YES,50.000,0.088,0.912
1744660678,kalshi,e60ace24-9450-46b2-98a7-a124ab7466c7,no,10.000,0.100,0.900
1744660688,poly,d51dba198c0c7ead4e0c56214508223fd9e6cdedc250d7330ce64c2238ca4271;110,NO,10.000,0.092,0.908
1744665743,kalshi,3e803394-cabc-4dd3-9b78-696f11fd908e,no,10.000,0.100,0.900
1744665748,poly,78e366341ac3e8db953aae5302ef6d55de4da80779ac31c2655938995edc31c2;178,NO,10.000,0.094,0.906
1744731926,kalshi,e26e8ecc-01ff-49c0-8503-e20550eda640,no,293.000,0.110,0.890
1744731935,poly,f5fe57f02ef6b498823af0847bf640983d19a90659e932b3ee1138f3b11f4ee1;227,YES,293.000,0.099,0.901
1744849073,poly,4ca16af78d87f2baff204244a3d6cf99eb4677314d8c9d2e99f4e3014b857329;282,YES,5.000,0.094,0.906
1744849323,kalshi,3572e20d-d871-4ce1-9a72-54b7048ed0b0,no,1.000,0.100,0.900
1744856161,poly,8f034002e0d509b996b9f8bf8e3336e40346aac1d9943840c94af7457e389bc1;259,NO,11.000,0.094,0.906
1744856161,poly,8f034002e0d509b996b9f8bf8e3336e40346aac1d9943840c94af7457e389bc1;273,NO,12.000,0.094,0.906
1744856161,poly,8f034002e0d509b996b9f8bf8e3336e40346aac1d9943840c94af7457e389bc1;287,NO,12.000,0.094,0.906
1744856163,poly,379568b6d9bc2fda7e21f627b3858983ae8950bb7fc44237f93246e5dfd06709;319,YES,12.000,0.094,0.906
1744856171,poly,62c3e2b51dbd883ff36f1b20ddd446d32d8236002d032569adccbaf7add4a824;427,YES,13.000,0.094,0.906
1744856185,poly,ecc1c56925cd9974495736a30022284e4950f427d65238512de97cbe2faccdae;367,YES,11.000,0.094,0.906
1744856334,kalshi,7f9b4525-d511-40d0-9f77-f81636a78ba9,yes,576.000,0.110,0.890
1744937402,kalshi,97706250-2f56-4197-a4ab-8bb1bb47c24d,no,62.000,0.110,0.890
1744937625,poly,676a49a1a46b9d2dae60df4ea33833cb736a93e2944cc1218a603b8f303d6b28;276,NO,10.000,0.084,0.916
1744937625,poly,676a49a1a46b9d2dae60df4ea33833cb736a93e2944cc1218a603b8f303d6b28;290,NO,10.000,0.084,0.916
1744937625,poly,676a49a1a46b9d2dae60df4ea33833cb736a93e2944cc1218a603b8f303d6b28;304,NO,11.000,0.084,0.916
1744937625,poly,676a49a1a46b9d2dae60df4ea33833cb736a93e2944cc1218a603b8f303d6b28;318,NO,10.000,0.084,0.916
1744937625,poly,676a49a1a46b9d2dae60df4ea33833cb736a93e2944cc1218a603b8f303d6b28;332,NO,10.000,0.084,0.916
1744937625,poly,e8e5bc215f312794142181d6b4556c2522480e14e34e40107c57a487882c51ef;352,YES,10.000,0.084,0.916
1744937635,poly,7042fb498a8f3b7fc3703fa5811e1114b9f1dd92cdec636bcb21a718cbcca9a4;622,YES,10.000,0.084,0.916
1745008959,kalshi,754319a0-a4b7-48b2-a1ce-14c6ef568c28,yes,438.000,0.110,0.890
1745008969,poly,985b088dff08721ab0f8edb50b232bb1d1bfd2509d8ae721dee623a570839cb4;625,NO,11.000,0.084,0.916
1745008979,poly,d83b0f6db91276f3f0ffa08c854fc4fdb7f4ede5b5fa3e213ce8d59a9e99e02f;208,YES,11.000,0.084,0.916
1745037988,kalshi,2a6dcc33-62ae-40ea-9b2c-3e9ad02ba35f,yes,15.000,0.120,0.880
1745038220,poly,0c86c945196832cd695fa3af852487a6c3039a127524b66a9caf8e1ab56e2491;278,YES,5.000,0.085,0.915
1745038220,poly,50405bd02748e2e94d08cd009a014d55071d0b7956bca7ba9956403cdb35a465;258,NO,5.000,0.085,0.915
1745038228,poly,a1b2a3a05c814ec4aeb2c5722c4adaf4273f72fec2052030ab5ddf572b06f773;301,YES,5.000,0.085,0.915
1745262758,kalshi,8a132c2e-1718-47a8-b2e4-21cb4117257c,no,236.000,0.110,0.890
1745262762,poly,0b53f9c98e3f89b8f673097d1473659137bc0a6bbc48d5bc50fb7128963b3287;443,YES,236.000,0.093,0.907
1745263632,kalshi,b4951302-828e-473b-9327-85f3a7492579,no,10.000,0.110,0.890
1745263637,poly,da8d28ed6469c6b80591659cc77b8537ad0247b69b30da2918162f261b269df9;185,NO,10.000,0.093,0.907
1745265460,kalshi,0a0d6172-9ccb-449b-9c9a-dcc9be7eeb5b,no,21.000,0.110,0.890
1745265467,poly,e45b37f362308d656c52af616730df43e9301ef96e8e2deeb4b0c694effeb44b;183,NO,21.000,0.093,0.907
1745533812,kalshi,c4afe0ad-d9e4-4063-91e3-d605af9a5d99,no,369.000,0.130,0.870
1745533817,poly,fa2c1e7a8c44a8a76d1a02b6ab665170e57d180ca418ee4c9078d25c71e9e8a4;649,NO,105.000,0.109,0.891
1745533817,poly,fa2c1e7a8c44a8a76d1a02b6ab665170e57d180ca418ee4c9078d25c71e9e8a4;659,YES,156.000,0.110,0.890
1745533817,poly,fa2c1e7a8c44a8a76d1a02b6ab665170e57d180ca418ee4c9078d25c71e9e8a4;663,NO,107.000,0.110,0.890
1745606381,kalshi,048d5919-fb48-4efb-a3dc-d1cc58224272,no,2.000,0.120,0.880
1745606381,kalshi,4061f6d0-06e6-4ced-a43d-24f20942e3ce,no,2.000,0.120,0.880
1745606381,kalshi,c8244fdd-8d33-491b-9183-58a341892d5f,no,4.000,0.120,0.880
1745606381,kalshi,f411426d-de94-4cd2-8ebc-dd653a9a2df1,no,4.000,0.120,0.880
1745606386,poly,a343010f09198ee017a49a12bd2640a0a6e7b79acaab95728de3801920b3dd3f;438,NO,20.000,0.099,0.901
1745632229,poly,eeb9beea4df9d5c21c154ff6eea5ba8c0dc8512c7a6bc4720b81155722c8ec6e;596,NO,10.000,0.094,0.906
1745632406,kalshi,21aa9f6f-90ae-4274-82d3-2d82a258db9d,yes,1.000,0.130,0.870
1745638137,kalshi,7f9e0657-a0d7-4e66-9f84-a285541b988c,no,300.000,0.120,0.880
1745638143,poly,b10163b994883e9c9964e126dd5e4ee1a8fa4cfa2c22a1a725fd0758ce060b3f;621,NO,100.000,0.097,0.903
1745638143,poly,b10163b994883e9c9964e126dd5e4ee1a8fa4cfa2c22a1a725fd0758ce060b3f;625,NO,100.000,0.097,0.903
1745638143,poly,b10163b994883e9c9964e126dd5e4ee1a8fa4cfa2c22a1a725fd0758ce060b3f;629,NO,100.000,0.097,0.903
1745777419,kalshi,0d7c097b-f792-42df-9964-c084ce138712,no,50.000,0.120,0.880
1745777419,kalshi,b4683297-6f97-44ca-9b5b-ab748bde2b02,no,32.000,0.120,0.880
1745777426,poly,2b119357132b48d8f11eab8204c660da5325f0d25b865675d2e6926bd724ef12;452,NO,40.000,0.102,0.898
1745777426,poly,2b119357132b48d8f11eab8204c660da5325f0d25b865675d2e6926bd724ef12;456,NO,42.000,0.102,0.898
1745784636,kalshi,a2cabfda-f354-4593-b6db-8ffd267b7382,no,20.000,0.120,0.880
1745784642,poly,9ba600c072005c3e35cd258b3600bf9abb54364f2c53761f7ac3275bee20b9a7;645,YES,20.000,0.102,0.898
1745791333,kalshi,af8eeb7a-db6a-4e69-a28c-6dae7ac47279,no,98.000,0.120,0.880
1745791339,poly,23b90e7e121829940bc5edfc48f5e26d4d798dbb084bb8330bd5348cbc73b417;329,NO,21.000,0.099,0.901
1745791339,poly,23b90e7e121829940bc5edfc48f5e26d4d798dbb084bb8330bd5348cbc73b417;339,YES,5.000,0.100,0.900
1745791339,poly,23b90e7e121829940bc5edfc48f5e26d4d798dbb084bb8330bd5348cbc73b417;343,NO,72.000,0.101,0.899
1745939912,poly,8feabc1acb160c9fa2199d899d91848121485359b3c3c11e4435b7002529b918;401,YES,5.000,0.098,0.902
1745939912,poly,8feabc1acb160c9fa2199d899d91848121485359b3c3c11e4435b7002529b918;411,NO,3.000,0.098,0.902
1745940055,kalshi,1984623b-76ae-42e6-9864-6c283733b188,yes,29.000,0.130,0.870
1746119290,kalshi,e82bd824-bdfd-4db2-8c6b-43e0a0ac77f4,no,597.000,0.110,0.890
1746119295,poly,248904913f6fc75a0d1bd54711106c83ce959d26e393941b0929029a7c782437;266,NO,15.000,0.095,0.905
1746119295,poly,248904913f6fc75a0d1bd54711106c83ce959d26e393941b0929029a7c782437;269,YES,20.000,0.095,0.905
1746119295,poly,248904913f6fc75a0d1bd54711106c83ce959d26e393941b0929029a7c782437;272,YES,75.000,0.096,0.904
1746119295,poly,248904913f6fc75a0d1bd54711106c83ce959d26e393941b0929029a7c782437;286,NO,105.000,0.096,0.904
1746119295,poly,248904913f6fc75a0d1bd54711106c83ce959d26e393941b0929029a7c782437;300,NO,162.000,0.097,0.903
1746119295,poly,248904913f6fc75a0d1bd54711106c83ce959d26e393941b0929029a7c782437;314,NO,20.000,0.099,0.901
1746119295,poly,248904913f6fc75a0d1bd54711106c83ce959d26e393941b0929029a7c782437;328,NO,199.000,0.100,0.900
1746206016,kalshi,1a54a3f2-7873-4bbc-b2c1-d559d4a2b566,no,233.000,0.110,0.890
1746206023,poly,0df4a3f1a67f6444b2018396ab0e2f78414ac60984d096f24038bc46696e6170;270,NO,233.000,0.097,0.903
1746301739,kalshi,65f08809-8ef3-490f-b362-25795d5f3050,no,50.000,0.120,0.880
1746301744,poly,1d6d6d751940a9ef4e7977f9b401d50b069bd360786ec22f45814eb029986bd3;537,NO,10.000,0.100,0.900
1746301744,poly,1d6d6d751940a9ef4e7977f9b401d50b069bd360786ec22f45814eb029986bd3;547,YES,3.000,0.101,0.899
1746301744,poly,1d6d6d751940a9ef4e7977f9b401d50b069bd360786ec22f45814eb029986bd3;551,NO,36.000,0.101,0.899
1746464729,kalshi,2bc2aede-05cf-4900-955a-57276d678496,no,20.000,0.120,0.880
1746464730,kalshi,2bdb3354-16ff-46c2-9176-d51a10518ef9,no,30.000,0.120,0.880
1746464734,poly,78abdc56fd6e8be86ab01433f384a16525b207c3d49877074322e55ae6b72291;378,NO,10.000,0.090,0.910
1746464734,poly,78abdc56fd6e8be86ab01433f384a16525b207c3d49877074322e55ae6b72291;381,YES,10.000,0.093,0.907
1746464734,poly,c4aa2b75f9f2145d2b31d69a2e6116331062a217c7b4b6e380c0ec59a7958a1f;458,YES,9.000,0.093,0.907
1746464734,poly,c4aa2b75f9f2145d2b31d69a2e6116331062a217c7b4b6e380c0ec59a7958a1f;472,NO,20.000,0.094,0.906
1746543527,kalshi,35810eb9-4174-432f-b7c1-809c86897690,no,40.000,0.110,0.890
1746543532,poly,f90ddaa75e74b85a7d2b34c7ea9895aa58406bb0f45547ef36adff72a633edb0;248,YES,19.000,0.091,0.909
1746543532,poly,f90ddaa75e74b85a7d2b34c7ea9895aa58406bb0f45547ef36adff72a633edb0;252,NO,20.000,0.092,0.908
1746543538,kalshi,3355e49f-6590-44fe-940e-9ca3b36225ff,no,21.000,0.110,0.890
1746543544,poly,7382474be708982efa9fa3879df446a83a80d456086148c45fdfc6192ab4a3d9;339,NO,21.000,0.093,0.907
1746543616,poly,a165195014cdabbb48f3961e01b5de6d24d791ca26da28ea63ed3db435b4f997;434,NO,41.000,0.089,0.911
1746557384,kalshi,dc71c51a-f08d-4f05-85ff-0260b5dec406,no,234.000,0.110,0.890
1746557389,poly,440dd99f38cd7993e225aee20cad07378d175dc6a46b8e9b25b62f22caa8bc02;262,NO,10.000,0.092,0.908
1746557389,poly,440dd99f38cd7993e225aee20cad07378d175dc6a46b8e9b25b62f22caa8bc02;272,YES,20.000,0.092,0.908
1746557389,poly,440dd99f38cd7993e225aee20cad07378d175dc6a46b8e9b25b62f22caa8bc02;276,NO,104.000,0.093,0.907
1746557389,poly,440dd99f38cd7993e225aee20cad07378d175dc6a46b8e9b25b62f22caa8bc02;280,NO,100.000,0.093,0.907
1746557398,kalshi,e05daf51-b2f5-4447-ad2e-04ccd3f11650,no,10.000,0.110,0.890
1746557401,poly,bba21128364a6fb827c2c09e8df6f5c4e3bd934162eabd9657f803eca49b1f4b;743,NO,10.000,0.092,0.908
1746557687,kalshi,6cedc019-d47f-489f-ae96-f9c8eae306f2,no,100.000,0.110,0.890
1746557693,poly,ed911b71d6f6066de487b1f6763ad0abae7fa67b660aa5508ec9d908bfb6cbb9;645,NO,100.000,0.093,0.907
1746557987,kalshi,9803255c-ff9a-4787-8023-496a725e4a1f,no,93.000,0.110,0.890
1746557987,kalshi,d2f53cf8-7eda-41f7-96a9-56ff7604ecbb,no,7.000,0.110,0.890
1746557991,poly,ed103cedb6da3894d97e19fd519843b38b74b308539437b39922ca86ecd73673;343,NO,100.000,0.093,0.907
1746564879,kalshi,17bb5512-bb3c-498b-8620-f770f3d38439,yes,499.000,0.130,0.870
1746564884,poly,0672c167f6393b9074d51cccf86c982795947871761506f6c37d7a2b6f451ecf;206,NO,5.000,0.094,0.906
1746564884,poly,0672c167f6393b9074d51cccf86c982795947871761506f6c37d7a2b6f451ecf;220,NO,95.000,0.095,0.905
1746564884,poly,61d426ba746b48dd3e46b495105244141faa1150a95937900850686e683783ae;156,NO,100.000,0.094,0.906
1746629644,kalshi,a4ba233b-7f6b-4b37-8a68-000f94aa1c50,no,242.000,0.110,0.890
1746629649,poly,7049b53efd1f77a6f4dd28c6bd112ef2fb1e715ee4c13945a35b3f43b273139f;493,NO,10.000,0.091,0.909
1746629649,poly,7049b53efd1f77a6f4dd28c6bd112ef2fb1e715ee4c13945a35b3f43b273139f;497,NO,100.000,0.092,0.908
1746629649,poly,7049b53efd1f77a6f4dd28c6bd112ef2fb1e715ee4c13945a35b3f43b273139f;501,NO,102.000,0.093,0.907
1746629649,poly,7049b53efd1f77a6f4dd28c6bd112ef2fb1e715ee4c13945a35b3f43b273139f;505,NO,30.000,0.093,0.907
1746629666,kalshi,a079321c-b36c-4b9e-9562-29d30295941b,no,21.000,0.110,0.890
1746629669,poly,eccc3a66486c05bcc41d2e6bb295ca4e944f82b9154b7cba67cc2ee97b95c9ed;734,NO,21.000,0.093,0.907
1746630772,kalshi,0531a8b5-3b9d-42de-a830-77b6cbee9c2f,no,200.000,0.110,0.890
1746630777,poly,47aa250b434a41c2af8d86f0326dd6ebea7ae427d8a91ab33e5142c5ec9e6b51;784,NO,200.000,0.093,0.907
1746630797,kalshi,ba8501ff-2654-4482-a86b-e4a5980dadb2,no,180.000,0.110,0.890
1746630801,poly,0022d4ea55fba751d71758fc1fb27ac3df1a80bf2c2ec71a13fbf3af169d1c06;369,NO,180.000,0.093,0.907
1746630822,kalshi,a2192c88-20c9-41d8-b7d3-ad66fc13b9ae,no,57.000,0.110,0.890
1746630827,poly,35f65e5ae3ffd6fbc2689f64e6986cce53f99bb7f1fc8a6fe5428521798e5711;454,NO,57.000,0.092,0.908
1746635159,kalshi,425d2079-4c85-4846-86ed-ee3cc40213da,no,374.000,0.110,0.890
1746635163,poly,d3a502a9a24dc1c67aa12a4b6f0c323d8e49b0754a4e19eb6399e03102bec85c;313,NO,111.000,0.091,0.909
1746635163,poly,d3a502a9a24dc1c67aa12a4b6f0c323d8e49b0754a4e19eb6399e03102bec85c;317,NO,110.000,0.091,0.909
1746635163,poly,d3a502a9a24dc1c67aa12a4b6f0c323d8e49b0754a4e19eb6399e03102bec85c;321,NO,50.000,0.091,0.909
1746635163,poly,d3a502a9a24dc1c67aa12a4b6f0c323d8e49b0754a4e19eb6399e03102bec85c;325,NO,102.000,0.093,0.907
1746635179,kalshi,4c0d39a3-fca1-47e5-97b2-6d1a082993ba,no,126.000,0.110,0.890
1746635183,poly,2570d5c56acdc2e5ff28139e3827c73c31b3b7cfec6901e2bdc3676b07911674;611,NO,10.000,0.091,0.909
1746635183,poly,2570d5c56acdc2e5ff28139e3827c73c31b3b7cfec6901e2bdc3676b07911674;615,NO,50.000,0.092,0.908
1746635183,poly,2570d5c56acdc2e5ff28139e3827c73c31b3b7cfec6901e2bdc3676b07911674;619,NO,66.000,0.092,0.908
1746635237,poly,9fcc67511b93cc3675b2ed8201dba2c2c00ec704143df98f80d645a41fa2ba7c;573,NO,10.000,0.087,0.913
1746641909,kalshi,a9a59ad8-9f39-43fb-aeb1-d61b7b34b024,no,85.000,0.110,0.890
1746641914,poly,2d5e5cda6536acecd7ae9f972fce86ff22578df70e885b95c361a1db226e4b2e;184,NO,21.000,0.087,0.913
1746641914,poly,2d5e5cda6536acecd7ae9f972fce86ff22578df70e885b95c361a1db226e4b2e;194,YES,63.000,0.089,0.911
1746666350,kalshi,106eaaa3-569a-461b-9895-4e31a5a33be3,yes,27.000,0.110,0.890
1746666350,kalshi,d3d5c3ea-c0d7-41d4-a095-8aa15b490ad9,yes,5.000,0.110,0.890
1746666354,poly,de7fe75343b55f766bbb27bda4e28c97e4f66a53b5e2aab798155ef477003e96;418,YES,32.000,0.089,0.911
1746718660,kalshi,1e129b91-676a-4e6f-87b9-9510d11ea9a2,yes,8.000,0.110,0.890
1746718666,poly,8231ab6f909b39689974a33d98c45d21d17ed17a5f38443a16ed84f9409fd5d9;315,NO,16.000,0.083,0.917
1746721439,kalshi,a400518d-8846-4ee5-a6fc-2d85899a355a,no,796.000,0.100,0.900
1746721451,poly,b4c7983dc982334dddc9b48becf8e09739ac3a9a7ec826961d9ce7ea13ddfb3d;261,NO,796.000,0.083,0.917
1746734739,kalshi,6bd6d5dc-7031-4399-b6d3-c730957d826d,yes,100.000,0.110,0.890
1746734739,kalshi,78b20a08-e804-4060-b86a-aa5f4887d50c,yes,95.000,0.130,0.870
1746734739,kalshi,971580f4-9a35-4bc4-b13e-ffcfdbd60b67,yes,100.000,0.120,0.880
1746734745,poly,c51b90d681cee86b2f7c8fb90d7fc3ba2eb52db35d8893a629762e06dc809650;1078,NO,85.000,0.088,0.912
1746734745,poly,c51b90d681cee86b2f7c8fb90d7fc3ba2eb52db35d8893a629762e06dc809650;1092,NO,23.000,0.088,0.912
1746734745,poly,ed086640493df27ad840ed8542bfdf1e6b3d771073342c8a22fdb8b857677f15;1013,NO,40.000,0.085,0.915
1746734745,poly,ed086640493df27ad840ed8542bfdf1e6b3d771073342c8a22fdb8b857677f15;1016,YES,20.000,0.087,0.913
1746734745,poly,ed086640493df27ad840ed8542bfdf1e6b3d771073342c8a22fdb8b857677f15;1019,YES,20.000,0.087,0.913
1746734745,poly,ed086640493df27ad840ed8542bfdf1e6b3d771073342c8a22fdb8b857677f15;1033,NO,20.000,0.088,0.912
1746740811,kalshi,986bdec4-71e7-4643-9374-c10ebec9ec5e,yes,100.000,0.120,0.880
1746740815,poly,374ca524eb10f9225d3cc1d0d7fa8cff514a9f292b7dd5fac9c3ebe72844d486;803,NO,21.000,0.087,0.913
1746740815,poly,374ca524eb10f9225d3cc1d0d7fa8cff514a9f292b7dd5fac9c3ebe72844d486;817,NO,10.000,0.088,0.912
1746740815,poly,374ca524eb10f9225d3cc1d0d7fa8cff514a9f292b7dd5fac9c3ebe72844d486;820,YES,69.000,0.089,0.911
1746740958,kalshi,8ec9d16e-4aaa-4824-9303-e9d073300637,yes,100.000,0.120,0.880
1746740965,poly,318211b37e4b2c6226295c5fec5bd2ebcf5157b2d6f49bf2ed763d23b5984eab;596,YES,100.000,0.089,0.911
1746746271,kalshi,0fd7e1c9-59d8-489c-bb89-e4e64c82485a,yes,52.000,0.130,0.870
1746746271,kalshi,2d9acdbb-9646-4d2b-a040-41c856911bb0,yes,100.000,0.120,0.880
1746746276,poly,b977e9016f457128c4ce1b4eb91c39b36dd000dd333c9077096765c5f631812a;331,YES,100.000,0.089,0.911
1746748931,kalshi,5ae272dc-3bd8-434f-bd56-0f24abcbbc88,yes,100.000,0.120,0.880
1746748936,poly,0ec325cd54847f636475bf360c45fef0d69647b52784e19d94ec044d88911f66;432,YES,100.000,0.089,0.911
1746753024,kalshi,2204d481-13b8-48bc-a423-6ab7e8e7d76c,no,100.000,0.110,0.890
1746753024,kalshi,fd5c91a0-95a4-45a6-a51b-9efefe22aaea,no,50.000,0.110,0.890
1746753032,poly,ace0fcb3b8c66fcaaa8aba4e1fc72d9cd9de0496f60a076fab5a9b762ca3becc;279,YES,50.000,0.089,0.911
1746753032,poly,ace0fcb3b8c66fcaaa8aba4e1fc72d9cd9de0496f60a076fab5a9b762ca3becc;293,NO,100.000,0.089,0.911
1746768259,kalshi,41e1a194-23f1-453c-bf3f-1add8c10d0fe,yes,42.000,0.110,0.890
1746768264,poly,8198b9ad1390e51330b29d7be14955b157d95d2a24c9ebd7ea736ce3e8c2cbbd;397,YES,42.000,0.081,0.919
1746769242,kalshi,0401cff5-234a-4c52-a375-7d6ba86364a3,no,125.000,0.100,0.900
1746769248,poly,0acaa8bcaff6cb5c183cada7dceed453b2c09e313af184404d16afdcd8d1e2d6;334,YES,58.000,0.081,0.919
1746769248,poly,0acaa8bcaff6cb5c183cada7dceed453b2c09e313af184404d16afdcd8d1e2d6;337,YES,44.000,0.082,0.918
1746769248,poly,0acaa8bcaff6cb5c183cada7dceed453b2c09e313af184404d16afdcd8d1e2d6;340,YES,7.000,0.086,0.914
1746769248,poly,0acaa8bcaff6cb5c183cada7dceed453b2c09e313af184404d16afdcd8d1e2d6;343,YES,7.000,0.086,0.914
1746769248,poly,0acaa8bcaff6cb5c183cada7dceed453b2c09e313af184404d16afdcd8d1e2d6;346,YES,7.000,0.086,0.914
1746797456,kalshi,2cd72e83-36bc-40b1-88d2-305cf63a8c27,yes,84.000,0.110,0.890
1746797461,poly,8802d91611b91b9a1e8e1896cb874545d661000696ee6e75d3f0abdcfac592f5;382,YES,84.000,0.090,0.910
1746895299,poly,4fbcdeb4b4523fd6cf89c6d7d1b296afcabc4de1245e014c428662e2d5f289ec;442,YES,14.000,0.077,0.923
1746895468,kalshi,2c7a08e5-e264-4d0a-bd34-5f4981b6cabf,yes,50.000,0.100,0.900
1747051262,kalshi,fbef44fa-5cea-482e-9d15-f06164bc76d8,no,100.000,0.090,0.910
1747051267,poly,88806175e598468fb2703395fa5550fafca228520064ee81ff14c16084479f35;293,YES,100.000,0.070,0.930
1747052365,kalshi,975d583a-6e15-4a4c-8733-1df8ddb414e9,no,100.000,0.090,0.910
1747052369,poly,66fd8b4f81db2fd332d616e2a44cf4be68508f34dc73af55026a385dca1977f7;592,YES,100.000,0.070,0.930
1747064100,kalshi,0505d328-13b4-40a4-8057-91cd61231e5e,no,10.000,0.090,0.910
1747064103,poly,3f8b51a6a40754a5ce3fff20014fbf16913670ba82118da1607b40d2988585fa;538,NO,20.000,0.065,0.935
1747064542,kalshi,27f9d150-c905-4010-9ee4-53ac3e39ea73,no,100.000,0.090,0.910
1747064547,poly,f22e9aa9c7dddc21806f4edaa33236b670b1e639a73e59ef579505ab5f0cc6be;280,YES,100.000,0.069,0.931
1747064602,kalshi,f553d617-b26d-4e86-a562-de69a53691c0,no,100.000,0.090,0.910
1747064607,poly,bc91c5bd774ed4f85be0b4b61ed08138fcb0adcd4dd8643ca88ccc119cfc83b5;728,YES,100.000,0.069,0.931
1747064677,kalshi,eb2537d1-2b4d-4dcd-bb3f-969eb98fc777,no,50.000,0.090,0.910
1747064681,poly,43e97b4f4c43bd5707c48206370a6eca3f1ef8e2df16db48b2c8d946fa404edf;399,YES,50.000,0.069,0.931
1747064809,kalshi,fc1e12c2-05e1-40b9-aee5-7f18216ceed5,no,100.000,0.090,0.910
1747064813,poly,33a12b79dcb37126d0ed092aeacedb31fef057b1fcb7cc91aa1ce2f97d889b5e;378,YES,2.000,0.070,0.930
1747064813,poly,33a12b79dcb37126d0ed092aeacedb31fef057b1fcb7cc91aa1ce2f97d889b5e;392,NO,97.000,0.070,0.930
1747064869,kalshi,8df311a9-714b-4ce6-a32a-2b548b306d78,no,100.000,0.090,0.910
1747064873,poly,9b0854084326e42a35ea9831079245a3b64f6c65354e5fc8e8f99428868a46c3;431,NO,92.000,0.070,0.930
1747064873,poly,9b0854084326e42a35ea9831079245a3b64f6c65354e5fc8e8f99428868a46c3;445,NO,7.000,0.070,0.930
1747064937,kalshi,63b1f246-4223-41f8-ae91-1a782eefb183,no,97.000,0.090,0.910
1747064941,poly,a9b566c9c4798e6b415e6c42414626589205d8bc09c60ce805ecd60706f38dc0;288,YES,97.000,0.070,0.930
1747072466,kalshi,56d855e1-e9a3-4e92-8d28-d399a3f618cb,no,30.000,0.080,0.920
1747072469,poly,cbcb61cc4f85803bf5a01df95d6f02de3a10de675d76e2f5ecb28e66a74a345d;258,NO,5.000,0.064,0.936
1747072469,poly,cbcb61cc4f85803bf5a01df95d6f02de3a10de675d76e2f5ecb28e66a74a345d;261,NO,25.000,0.064,0.936
1747072471,poly,c024067d5e72df4115e43958439771c54bcfac719e8a693fe8f2b85ba6f84643;1070,NO,30.000,0.064,0.936
1747072473,poly,4bba8fd4f5fa421025bba404e697abfe3d45ebd8bd986993956b208b4c520015;346,YES,59.000,0.064,0.936
1747072477,poly,a7f7d2857737cf2b38fafa6bf2bcaa77bbce65c0313b5467fe5d1eba38cf498a;896,NO,20.000,0.063,0.937
1747072477,poly,a7f7d2857737cf2b38fafa6bf2bcaa77bbce65c0313b5467fe5d1eba38cf498a;899,NO,20.000,0.063,0.937
1747072477,poly,a7f7d2857737cf2b38fafa6bf2bcaa77bbce65c0313b5467fe5d1eba38cf498a;913,YES,72.000,0.063,0.937
1747072478,kalshi,23e09e13-f057-44cf-8456-c07f7cc94eee,no,3000.000,0.080,0.920
1747072479,poly,eb4371924d1a75f82ab85dfd8733c7ccfac75faaafe1e9ee6933e78edd5fe9d6;465,YES,110.000,0.062,0.938
1747072483,poly,6336d3ea7fdba4c0e023b736cbc07df1be413187ff4af07d69370ed02590e120;242,NO,60.000,0.063,0.937
1747072509,poly,2d5d140d0942ec39819d221f5a6e256977aaf759ef9773beed06d3f66bb5a0d0;712,YES,100.000,0.061,0.939
1747072521,poly,ab781a9c79ff651b520e734801274e8b3db43f13075fe10e2e76721e900f0434;556,YES,20.000,0.062,0.938
1747072569,poly,d51976fc9ee32d699fe3dc4880946fe7e58e3e4f57823266f5e75fe662e1ddb6;809,YES,100.000,0.061,0.939
1747072629,poly,203c41bb7fd1d5bafb522c9aa388a538ef21fc10257f442a837c1237e193cbd8;347,YES,100.000,0.061,0.939
1747072689,poly,3b7b9ad5956149582a1ac013d3a0f9e1cfceb8ea16d9b417cea45fa65644c652;1005,YES,100.000,0.061,0.939
1747072749,poly,b2cb1afc83e9943e000192eba486f9e3075ed06682340bb604e3f128436198c0;260,YES,100.000,0.061,0.939
1747145185,kalshi,abcb73b5-b4f7-4703-a868-f9709bd85a91,no,6.000,0.060,0.940
1747145185,kalshi,f0dcb60a-bb08-445c-b02c-af0b74632fc1,no,4.000,0.060,0.940
1747145197,poly,b5568b0242a12ffc08af19e17345dd491c062abaa861431778da95ca55a9d33a;261,YES,14.000,0.065,0.935
1747164501,poly,2c0d88747ac4e8d6467d1e36a06ed8db4ecaab735ee8486b779ac6cb6bfa2f15;239,YES,41.000,0.068,0.932
1747164501,poly,2c0d88747ac4e8d6467d1e36a06ed8db4ecaab735ee8486b779ac6cb6bfa2f15;253,NO,43.000,0.068,0.932
1747164517,poly,f5a76cba04294101736f40a8820db6ddadd464f32242ae636d5e78b6bcd7dcc8;261,YES,5.000,0.067,0.933
1747164793,kalshi,ca566b0c-8933-4855-be52-81ebf5a7a10c,yes,202.000,0.080,0.920
1747198411,kalshi,19373bfe-aba6-46a7-bd5f-a894ceef10ff,no,25.000,0.060,0.940
1747198411,kalshi,4b4430b7-2b45-434c-b1b5-122c7f9a46d2,no,20.000,0.060,0.940
1747198411,kalshi,6285272a-478d-40ee-b170-57f99e9db448,no,100.000,0.060,0.940
1747198415,poly,9b4e5dbbe84e67a46e73792e388a0ffc498b92e8e5e13f695dbd13f5c7a7eac3;484,YES,50.000,0.064,0.936
1747198415,poly,9b4e5dbbe84e67a46e73792e388a0ffc498b92e8e5e13f695dbd13f5c7a7eac3;498,YES,50.000,0.064,0.936
1747599892,kalshi,456e0339-512d-407a-8771-ffd381dbdf23,no,10.000,0.060,0.940
1747599898,poly,fc42cfb3f3977e019a5fb28d12fd24261d05631e84980f2a64e54d7ae22736d4;392,YES,10.000,0.068,0.932
1747672537,kalshi,4b840b5a-d4e1-4a06-92af-1b5b041cdd18,no,100.000,0.060,0.940
1747672537,kalshi,5841b7c3-fb31-47fb-a1e8-cd389cb34c55,no,2.000,0.050,0.950
1747672537,kalshi,5883d22d-6c7d-4bcb-8914-4a8c249aa217,no,50.000,0.060,0.940
1747672537,kalshi,9fe98002-7860-4e4d-b770-91251a596033,no,42.000,0.050,0.950
1747672537,kalshi,fea814b8-b5aa-4c00-b97f-0c227181bb2c,no,222.000,0.060,0.940
1747672556,poly,3c93986c7d5c463ddcf2978733867a75f8296c2a08fafaca19c769e7df75087e;614,YES,92.000,0.064,0.936
1747672556,poly,3c93986c7d5c463ddcf2978733867a75f8296c2a08fafaca19c769e7df75087e;628,YES,7.000,0.063,0.937
1747672680,poly,6fda61bde3668fb1c3a18a480e28a5607c4893e19c6ff39948619be735850a4b;602,YES,92.000,0.064,0.936
1747672682,poly,871c663c3b221a246c9d4554adefd6692311d42e5bccfbe4078d50883193f1e2;960,YES,124.000,0.063,0.937
1747672702,poly,c88c9dedff45999e90e6d2a292e65464e16bb0026de50ac363611dfe917377a1;405,YES,90.000,0.063,0.937
1747672720,poly,283d92c596e6de7d20e27c8e689420bc46a3d81bded867fbabc2b0726e9bd9f9;478,YES,91.000,0.063,0.937
1747693870,kalshi,367b2f99-3c1d-48dd-a62c-57004311bb1d,yes,583.000,0.080,0.920
1747693912,poly,24fdfa36b708ac96aed6cbc2a744a5a7a2d9cc8a815e2e3d3d427fbe990aabf6;712,YES,7.000,0.065,0.935
1747693912,poly,24fdfa36b708ac96aed6cbc2a744a5a7a2d9cc8a815e2e3d3d427fbe990aabf6;726,NO,92.000,0.066,0.934
1747747216,poly,e98a34d2812f0acb36cd6aac2c8f9d670a775ccaa9bc64280de97630e75ee4eb;3294,YES,50.000,0.065,0.935
1747747510,kalshi,0251f8ee-22ea-4c90-b09c-4bb85fb64456,yes,50.000,0.080,0.920
1747761554,poly,065778715d5d7b85fe0b7fa37041eceb9b360817529d56f341ca84e42e501418;2215,YES,100.000,0.066,0.934
1747761554,poly,065778715d5d7b85fe0b7fa37041eceb9b360817529d56f341ca84e42e501418;2218,YES,321.000,0.067,0.933
1747761628,kalshi,c6f4ee72-1059-4350-8f6a-0be3185bdab4,yes,166.000,0.090,0.910
1747761628,kalshi,df303344-fb48-4882-8d06-7ca7668c2140,yes,95.000,0.090,0.910
1747779085,kalshi,5bb74740-1b88-430d-94cd-ec51f11451ea,no,8.000,0.080,0.920
1747779085,kalshi,774cccbd-e6f8-4a9c-87f9-74a1da50478a,no,20.000,0.080,0.920
1747779331,poly,6fa9a27d76175aaf1f410c841d5df0970ce313c6f042b8a5b4d7203024d3c145;1205,YES,7.000,0.066,0.934
1747779331,poly,fbb09d13f8efa0e4f0863314fd350722349a8cc11b8c1cfe6647a933ad7788c2;1050,YES,138.000,0.066,0.934
1747787155,poly,e8da177cfdd830dd139896bd8a6fc5b1e167d97e5e59b057f4c86c4106ca83e0;349,YES,156.000,0.069,0.931
1747787208,kalshi,140c3157-a149-4bdc-81b2-9f82c6853e50,yes,28.000,0.080,0.920
1747787208,kalshi,5e02af7e-2041-49ed-8970-29b335eb4bb3,yes,170.000,0.080,0.920
1747787208,kalshi,6e23adcb-55d1-4df5-9428-8808c09c6fd8,yes,4.000,0.080,0.920
1747787208,kalshi,76ce4ca9-23a0-46ad-a047-3b93f202c46e,yes,972.000,0.080,0.920
1747787271,poly,6236dc4c61fee94c6a8eb9b66642c4b29d67ae35507999402384c767cbcec2fb;577,YES,314.000,0.069,0.931
1747787271,poly,6236dc4c61fee94c6a8eb9b66642c4b29d67ae35507999402384c767cbcec2fb;591,NO,50.000,0.069,0.931
1747787271,poly,6236dc4c61fee94c6a8eb9b66642c4b29d67ae35507999402384c767cbcec2fb;605,NO,135.000,0.070,0.930
1747886926,kalshi,246b5f91-c386-4af4-86ff-55fb93cfa94e,no,3942.000,0.070,0.930
1747886938,poly,258acb76982aea023459e738e9e4073c67bfdb25ba21019a84f1705b2d4d5004;860,YES,135.000,0.060,0.940
1747886938,poly,258acb76982aea023459e738e9e4073c67bfdb25ba21019a84f1705b2d4d5004;863,YES,129.000,0.061,0.939
1747886938,poly,258acb76982aea023459e738e9e4073c67bfdb25ba21019a84f1705b2d4d5004;877,NO,50.000,0.061,0.939
1747886938,poly,258acb76982aea023459e738e9e4073c67bfdb25ba21019a84f1705b2d4d5004;891,NO,50.000,0.061,0.939
1747886938,poly,258acb76982aea023459e738e9e4073c67bfdb25ba21019a84f1705b2d4d5004;894,YES,500.000,0.061,0.939
1747886938,poly,258acb76982aea023459e738e9e4073c67bfdb25ba21019a84f1705b2d4d5004;897,YES,247.000,0.061,0.939
1747886938,poly,258acb76982aea023459e738e9e4073c67bfdb25ba21019a84f1705b2d4d5004;911,NO,50.000,0.061,0.939
1747886938,poly,258acb76982aea023459e738e9e4073c67bfdb25ba21019a84f1705b2d4d5004;925,NO,50.000,0.062,0.938
1747886938,poly,258acb76982aea023459e738e9e4073c67bfdb25ba21019a84f1705b2d4d5004;928,YES,50.000,0.062,0.938
1747886938,poly,258acb76982aea023459e738e9e4073c67bfdb25ba21019a84f1705b2d4d5004;931,YES,50.000,0.062,0.938
1747886938,poly,258acb76982aea023459e738e9e4073c67bfdb25ba21019a84f1705b2d4d5004;945,NO,2190.000,0.062,0.938
1747886938,poly,258acb76982aea023459e738e9e4073c67bfdb25ba21019a84f1705b2d4d5004;959,NO,439.000,0.062,0.938
1747970118,kalshi,ebc9e762-6f2e-4ca3-856a-1154be45e040,yes,58.000,0.080,0.920
1747970282,poly,a50a65d048471229130cfb071d652659604c16eece0c1d07998a9e4ae9eda542;591,NO,5.000,0.061,0.939
1748106557,kalshi,9283e648-c08e-4428-94a5-60e4c0581142,no,4855.000,0.070,0.930
1748106559,poly,f2d37b09edd1197281b7df515aeaf55f3611f67e15652a91bcf3054c34d85c02;484,YES,400.000,0.055,0.945
1748106559,poly,f2d37b09edd1197281b7df515aeaf55f3611f67e15652a91bcf3054c34d85c02;498,NO,50.000,0.056,0.944
1748106559,poly,f2d37b09edd1197281b7df515aeaf55f3611f67e15652a91bcf3054c34d85c02;512,NO,50.000,0.057,0.943
1748106559,poly,f2d37b09edd1197281b7df515aeaf55f3611f67e15652a91bcf3054c34d85c02;526,NO,307.000,0.057,0.943
1748106559,poly,f2d37b09edd1197281b7df515aeaf55f3611f67e15652a91bcf3054c34d85c02;540,NO,300.000,0.058,0.942
1748106559,poly,f2d37b09edd1197281b7df515aeaf55f3611f67e15652a91bcf3054c34d85c02;554,NO,135.000,0.059,0.941
1748106559,poly,f2d37b09edd1197281b7df515aeaf55f3611f67e15652a91bcf3054c34d85c02;557,YES,500.000,0.059,0.941
1748106559,poly,f2d37b09edd1197281b7df515aeaf55f3611f67e15652a91bcf3054c34d85c02;571,NO,90.000,0.060,0.940
1748106559,poly,f2d37b09edd1197281b7df515aeaf55f3611f67e15652a91bcf3054c34d85c02;585,NO,19.000,0.060,0.940
1748106559,poly,f2d37b09edd1197281b7df515aeaf55f3611f67e15652a91bcf3054c34d85c02;588,YES,20.000,0.060,0.940
1748121956,poly,aa861b3fc7599b6799d8ff0512266c1aa76fec327c10c0c3aaf0ecc9e6a27e71;277,NO,50.000,0.057,0.943
1748121964,kalshi,9c699114-a0ab-45e1-9997-58753c2cb785,no,53.000,0.070,0.930
1748192985,poly,27de0340c8196569fbd7e971b22cdffc62224ce39aa370d2d32ab5b3972bc88f;185,YES,5.000,0.061,0.939
1748193123,poly,ba8fc0865ae71a9f46574fd8749e98a77776015caeffae9ea6d281fba1f8f1bd;386,YES,5.000,0.061,0.939
1748193276,kalshi,9e545de3-5590-4266-b37e-d07cee7c39ac,no,16.000,0.070,0.930
1748193439,poly,c18e29ffc6826a9908466f776b525722628820e8f12b0c2f860a965b2514a442;181,YES,21.000,0.061,0.939
1748284203,kalshi,1b41ad5e-8d1f-4145-b945-69518cc47ff3,yes,55.000,0.070,0.930
1748284435,poly,6b6e06cdde01426ae5f72196e08031baf175c8e2f7ed960c7f52da9e8db67c17;191,NO,6.000,0.059,0.941
1748313276,kalshi,1c6f08f5-c28f-4399-a794-724398a3c683,no,58.000,0.070,0.930
1748313435,poly,706a112ca4aeafedc0b4d263f4c650e445b27980504f9b3bc382aca231295200;408,YES,100.000,0.059,0.941
1748313523,kalshi,d01baf39-a1f4-4c0f-b6d6-7edaf736890a,no,107.000,0.070,0.930
1748360933,kalshi,01920603-900d-4873-8d78-63d9bbbdb687,yes,15.000,0.080,0.920
1748360933,kalshi,076a447e-60ec-40d1-9899-5fb73ca43404,yes,1000.000,0.080,0.920
1748360933,kalshi,18a16384-4b7a-4c5e-b1f3-bfaa19e2c281,yes,1023.000,0.080,0.920
1748361003,poly,e7638dde7c292de81cb3adfc8803c42da21a3e3774263557a364695748cf69e5;486,YES,885.000,0.063,0.937
1748361003,poly,e7638dde7c292de81cb3adfc8803c42da21a3e3774263557a364695748cf69e5;500,NO,500.000,0.063,0.937
1748361003,poly,e7638dde7c292de81cb3adfc8803c42da21a3e3774263557a364695748cf69e5;514,NO,510.000,0.063,0.937
1748361003,poly,e7638dde7c292de81cb3adfc8803c42da21a3e3774263557a364695748cf69e5;517,YES,104.000,0.063,0.937
1748372321,poly,8e3c5d5f48063e176ffdac14222843fa7475c5f3bb11df3f35a774dff61a7dc8;1340,YES,4.000,0.063,0.937
1748372391,kalshi,e42a7115-77cf-4b1a-8b1d-1385c70e3704,yes,3.000,0.080,0.920
1748384475,poly,d059b2fa79b784529d56f8428d1497f05132d5fd1acaee889c54133aa538a8f0;235,NO,161.000,0.060,0.940
1748384475,poly,d059b2fa79b784529d56f8428d1497f05132d5fd1acaee889c54133aa538a8f0;245,NO,20.000,0.060,0.940
1748384475,poly,d059b2fa79b784529d56f8428d1497f05132d5fd1acaee889c54133aa538a8f0;255,NO,107.000,0.059,0.941
1748384475,poly,d059b2fa79b784529d56f8428d1497f05132d5fd1acaee889c54133aa538a8f0;265,NO,500.000,0.059,0.941
1748384638,kalshi,8479f10c-3a99-4454-88c9-be709df49065,yes,499.000,0.080,0.920
1748392173,kalshi,28550156-e38a-4161-8117-b6f2265dfbcd,yes,500.000,0.080,0.920
1748392297,poly,a385d3d48fdb6c36f4ed84270afbc722869de0e9d12f2a1040ca7c541ed6fdd8;320,NO,1000.000,0.065,0.935
1748456144,kalshi,18cacb77-98a2-49cb-99b8-93aacd8067fa,yes,4000.000,0.080,0.920
1748456216,poly,aeb07412d72133db780d2b5ee47196fdc9afabdb6eb70b3b80ce0167df6f230a;286,YES,3096.000,0.077,0.923
1748456216,poly,aeb07412d72133db780d2b5ee47196fdc9afabdb6eb70b3b80ce0167df6f230a;300,NO,200.000,0.077,0.923
1748456216,poly,aeb07412d72133db780d2b5ee47196fdc9afabdb6eb70b3b80ce0167df6f230a;314,NO,703.000,0.077,0.923
1748467630,poly,a8c81183098d6bc7b4ef018aa57d28520e1a01a403c55c48840da9962b1bf253;240,NO,500.000,0.088,0.912
1748467754,kalshi,8934b7dc-484c-4c42-a204-a38b547b0b40,yes,134.000,0.090,0.910
1748467754,kalshi,a61ffad6-13d5-41f5-86d8-b57b68defc2b,yes,866.000,0.090,0.910
1748467784,poly,8395e4424431e8ffbbd4602c3daf15f687ff35bf6364d14e4c58d79ee7226d54;362,YES,10.000,0.083,0.917
1748467788,poly,f0562e6e29d460611fe51372361d7790ff880c3bae7ddc5fa3fae1c1e3c2c369;314,YES,41.000,0.083,0.917
1748467816,poly,9099416e2edc3cde59237ecf8c8a0eec54349c93c0321450ef1fd1fb3aa6a7c3;249,NO,22.000,0.088,0.912
1748467894,poly,977193e841e449f58083abae05c66bde17029e48d23a34a54de2e4f6fd1a4bd6;243,NO,1000.000,0.088,0.912
1748468425,kalshi,c2dd0aa5-67c8-49fd-8608-8ef5899de58a,yes,28.000,0.100,0.900
1748468466,poly,ec3ceb0e69ec3720e36d3cf45fb7d3151c2c49b9722ae1a54b6d20cab4eccce9;395,NO,20.000,0.088,0.912
1748468466,poly,ec3ceb0e69ec3720e36d3cf45fb7d3151c2c49b9722ae1a54b6d20cab4eccce9;409,NO,480.000,0.088,0.912
1748468597,kalshi,4a90fbec-7377-4bff-9993-740ea182c274,yes,47.000,0.100,0.900
1748469384,kalshi,1caf48d0-3f37-4ec2-89ac-bdf34cafc413,yes,62.000,0.100,0.900
1748469384,kalshi,2a343b18-17ff-4e58-9486-a05d4ac9393e,yes,1148.000,0.100,0.900
1748469682,poly,2648f6fc2eb7c6001cfcffb68c551eb7039b3c6d252f2a7b64c38f82fcbcce0a;352,NO,337.000,0.089,0.911
1748469716,poly,77af21301e4dd85de8f8b030f2ee3e3c455b06cdeec01104602e9d72fa349c80;1416,NO,611.000,0.089,0.911
1748469786,kalshi,1ac2bd26-7d4c-4482-abac-6d30a833454a,yes,80.000,0.110,0.890
1748469786,kalshi,528065f6-6099-4e03-aba3-24257d1e8f80,yes,20.000,0.110,0.890
1748470230,kalshi,73e88c86-4cd0-4556-95ce-7743a1d81996,yes,9.000,0.110,0.890
1748470382,poly,0868a730e0a0cef954bd17777e3a7241a331184bda4104b89a3315c7324f361d;250,NO,1000.000,0.089,0.911
1748470518,kalshi,6b103159-2083-42df-b92d-ed42355b083b,yes,2.000,0.110,0.890
1748470566,poly,a85369cda291ea05900f349b5ae971a9b3e621c7aadae865c6dbca19756fa008;254,NO,250.000,0.089,0.911
1748470690,poly,d42081cd2cbb7243e403afe663d532a874d343e77fdfdfcb5eef2b8c39d762ab;981,NO,250.000,0.089,0.911
1748470756,poly,e2f66c16a259f86de6ae665443baa606c57ac69fb6392220706bb62c2040c91c;265,NO,309.000,0.089,0.911
1748470756,poly,e2f66c16a259f86de6ae665443baa606c57ac69fb6392220706bb62c2040c91c;279,NO,500.000,0.089,0.911
1748470828,kalshi,525f649e-37fa-40ac-8ba6-92e07054265f,yes,847.000,0.110,0.890
1748470828,kalshi,853a2239-5bb7-4bef-b005-ebbff8f2f729,yes,9.000,0.110,0.890
1748471045,kalshi,0231b15f-3543-4d0c-b69e-de10759919f7,yes,80.000,0.110,0.890
1748471045,kalshi,46a8b82a-2851-4b81-9309-a656e211ee55,yes,9.000,0.110,0.890
1748471045,kalshi,5628927a-1998-435c-982a-c75b4b13f6a7,yes,2.000,0.110,0.890
1748471045,kalshi,5b7513cb-c3bc-4781-a17f-9f7c474d5923,yes,242.000,0.110,0.890
1748471045,kalshi,6f5ca81e-b119-4fd7-bfa1-573b8ca1dc11,yes,9.000,0.110,0.890
1748471934,kalshi,1ec70116-3109-4894-b082-7afc83db8be1,yes,80.000,0.110,0.890
1748471934,kalshi,81ff6d25-c2ea-4866-8dd6-683fd91620b4,yes,758.000,0.110,0.890
1748471938,poly,a34713d3484d873d8ef5a44bd6d42f2f0c776d42c68eec8440d618b9bd7d399b;408,NO,80.000,0.089,0.911
1748471992,poly,a89b239d3592f3b782a3ba3790b7a42951d243fb6e3c8744dae727cda5518d0a;270,NO,80.000,0.089,0.911
1748471992,poly,cd11eeb023c8d384600af668366f09f32a7bcf24f89bcefb68f6f0371b25f4f2;298,NO,20.000,0.089,0.911
1748472363,kalshi,1dc45a49-ced6-4d6e-9f67-a1ebb0035349,yes,25.000,0.120,0.880
1748472363,kalshi,8381dfa3-b818-4cae-9ecc-5ba795a9edb8,yes,100.000,0.110,0.890
1748472363,kalshi,a58dc3db-6597-4e78-a376-1336215b020e,yes,350.000,0.120,0.880
1748472363,kalshi,ffdd3ac0-7eff-42de-b823-f8ee34547d3a,yes,25.000,0.120,0.880
1748472368,poly,b78424edba17b6b6691da512c8e8b7186526f5cc87419b51a88eb2cea5d77d04;1025,NO,100.000,0.089,0.911
1748472368,poly,dd09b7b9cc321bffaa21501f90fe73e34adba75dc79884dc1e739e4225a8fd06;1122,NO,25.000,0.089,0.911
1748472410,poly,dc2d7b962caee81daa159668a1b9089ba8b267030b83d8f31ba3413e6a268a01;374,NO,387.000,0.089,0.911
1748472410,poly,dc2d7b962caee81daa159668a1b9089ba8b267030b83d8f31ba3413e6a268a01;388,NO,250.000,0.089,0.911
1748472414,kalshi,2e9ead65-a7d7-457f-96e4-1b9647ad8ad4,yes,10.000,0.120,0.880
1748472532,kalshi,98378a84-38d6-4d4b-8f9f-6424420b2c33,no,200.000,0.110,0.890
1748472535,kalshi,e7536fae-806b-4dc2-bdfb-5e137d07f2ef,no,50.000,0.110,0.890
1748473494,poly,4d119233c2369ccd01596b36e82edda4dd051ccc9fd8a03e8cc76602874cda64;1123,NO,101.000,0.094,0.906
1748473494,poly,4d119233c2369ccd01596b36e82edda4dd051ccc9fd8a03e8cc76602874cda64;1126,YES,500.000,0.098,0.902
1748473603,kalshi,148ef33c-97e4-4cb3-9f91-09f69e8e6439,yes,20.000,0.110,0.890
1748473603,kalshi,c002b3de-ab55-43f5-8672-a4d834c4a0d8,yes,75.000,0.110,0.890
1748473667,kalshi,df273efc-28ed-40ce-90c2-9ad9dfb00f3f,yes,175.000,0.110,0.890
1748473692,kalshi,9f9a4fbc-a87b-41e3-9509-febfc2ec87e0,yes,238.000,0.120,0.880
1748473692,kalshi,f9e257b7-c7a5-48c5-846d-ec1d7d3de3d1,yes,65.000,0.120,0.880
1748475872,kalshi,2fcc5a2e-a482-4481-9627-d07e99d62740,yes,117.000,0.120,0.880
1748476083,kalshi,1e430506-45b7-48aa-8fe6-2e3d515b56bd,yes,645.000,0.120,0.880
1748476083,kalshi,3b7d37d8-33cb-4543-b0f4-574cd4f97bc5,yes,125.000,0.140,0.860
1748476083,kalshi,489ce75d-0a0f-4bb1-b385-069e06a3fc75,yes,238.000,0.120,0.880
1748476083,kalshi,595c8005-5b64-4ff8-af95-55a3a0eab92e,yes,25.000,0.140,0.860
1748476083,kalshi,72bf3c47-1454-4b6c-b5a0-9026291b9b24,yes,25.000,0.130,0.870
1748476083,kalshi,79523164-a30b-4f00-b54f-b6f0c06f28f4,yes,25.000,0.120,0.880
1748476083,kalshi,894149ab-e2e3-41d0-a3c7-00561569fc24,yes,500.000,0.120,0.880
1748476083,kalshi,9daab93b-a64b-4206-bdc3-1a9bc306530b,yes,100.000,0.120,0.880
1748476083,kalshi,c4822d90-d585-4844-be4f-f2e0e8f3034e,yes,117.000,0.120,0.880
1748476083,kalshi,d454a4a8-b9ba-4860-b87c-308449d0fbe3,yes,100.000,0.130,0.870
1748476083,kalshi,dd03e2a1-45ec-47b5-89f8-b0a096eac034,yes,500.000,0.130,0.870
1748476083,kalshi,f5f39d32-d5c7-4905-adb9-8ac600380a6e,yes,100.000,0.140,0.860
1748476088,poly,4666a9633d57f7da41cfd646c4e62542d55f16cc1ae4b9e2cc4e392eba9f417e;214,YES,100.000,0.101,0.899
1748476088,poly,89903d708a0bc31fdb20c3c3b79f9f54694c246399216c3fa52293b59e082f0b;279,NO,63.000,0.102,0.898
1748476088,poly,89903d708a0bc31fdb20c3c3b79f9f54694c246399216c3fa52293b59e082f0b;282,YES,36.000,0.108,0.892
1748476088,poly,9f156c6d783dbe826fb56f699612215d71839c0cc465a108b7c402cfe5a51934;225,YES,10.000,0.101,0.899
1748476088,poly,9f156c6d783dbe826fb56f699612215d71839c0cc465a108b7c402cfe5a51934;228,YES,30.000,0.101,0.899
1748476088,poly,9f156c6d783dbe826fb56f699612215d71839c0cc465a108b7c402cfe5a51934;242,NO,8.000,0.101,0.899
1748476088,poly,9f156c6d783dbe826fb56f699612215d71839c0cc465a108b7c402cfe5a51934;245,YES,15.000,0.101,0.899
1748476088,poly,9f156c6d783dbe826fb56f699612215d71839c0cc465a108b7c402cfe5a51934;259,NO,36.000,0.102,0.898
1748476104,poly,24176fc0e998ac0b46dfe1854ac9bb0bea083c87f23d6de567233b7da8714637;343,NO,100.000,0.105,0.895
1748476104,poly,24176fc0e998ac0b46dfe1854ac9bb0bea083c87f23d6de567233b7da8714637;346,YES,42.000,0.106,0.894
1748476234,kalshi,17256e58-960f-4e34-a4d4-ecd638301835,yes,100.000,0.140,0.860
1748476234,kalshi,21aad9bf-52cf-4c94-9875-ef408219ba4c,yes,50.000,0.150,0.850
1748476234,kalshi,58412c3d-e1bf-4db2-b9ec-1e91a56afea9,yes,100.000,0.130,0.870
1748476236,poly,e410182350560d2acf2a21c59b0b4e32d864d02341cdf692847329d93ae1f6e2;271,NO,41.000,0.108,0.892
1748476236,poly,e410182350560d2acf2a21c59b0b4e32d864d02341cdf692847329d93ae1f6e2;274,YES,33.000,0.109,0.891
1748476236,poly,e410182350560d2acf2a21c59b0b4e32d864d02341cdf692847329d93ae1f6e2;277,YES,33.000,0.109,0.891
1748476240,poly,3f02747bf00468f70ec01c84f0c8aa723e22df5bb42495a5c4c1849e6182199e;297,NO,100.000,0.111,0.889
1748476240,poly,988f61c9856f524cb9334c2b1f5b72ece74ac2a9fe68a5b31f43e02717653a49;237,YES,32.000,0.110,0.890
1748476240,poly,988f61c9856f524cb9334c2b1f5b72ece74ac2a9fe68a5b31f43e02717653a49;240,YES,32.000,0.110,0.890
1748476240,poly,988f61c9856f524cb9334c2b1f5b72ece74ac2a9fe68a5b31f43e02717653a49;243,YES,14.000,0.110,0.890
1748476240,poly,988f61c9856f524cb9334c2b1f5b72ece74ac2a9fe68a5b31f43e02717653a49;257,NO,19.000,0.111,0.889
1748476240,poly,9c678d250789dfdf8d2670db16d79f2a044f825b0eed8e660da6b59031e13468;277,NO,100.000,0.111,0.889
1748476266,poly,9398774b3c724064aae7d2fdf45a9b3a78edaa7cbcadbf975ef71025f5ec4307;373,YES,29.000,0.114,0.886
1748476266,poly,ed820297e7429dc1dc2da285ed2171e7063b25d2f79e23b56cb9b4d84a72397a;336,NO,5.000,0.111,0.889
1748476266,poly,ed820297e7429dc1dc2da285ed2171e7063b25d2f79e23b56cb9b4d84a72397a;339,YES,867.000,0.114,0.886
1748476268,poly,3a7d37d53fc280e55f0f404f809fe394d016ec03d624f2393b8f4ad14be047c5;656,YES,100.000,0.120,0.880
1748476268,poly,3a7d37d53fc280e55f0f404f809fe394d016ec03d624f2393b8f4ad14be047c5;670,YES,157.000,0.114,0.886
1748476268,poly,3a7d37d53fc280e55f0f404f809fe394d016ec03d624f2393b8f4ad14be047c5;684,YES,55.000,0.114,0.886
1748476268,poly,5900fe3f1a0ed860a9d6c1f0510ad1a537459c1a17ca1fe8b4eb394549af07cb;759,YES,5.000,0.114,0.886
1748476268,poly,ce068406ff3b9597b047048b4d9503e10db7c550139204f59d2c8ddfd59deaaa;299,YES,312.000,0.114,0.886
1748476270,poly,bc9d5fbf86d50c10bdc544166a6572136234f3cc7bb0ee7feda99b4eeb3da648;376,YES,5.000,0.120,0.880
1748476272,poly,5ebd32d2f79ab70b63134c3e7a09ce7b0283aa868cf9361b88512a8a20572c87;226,YES,5.000,0.113,0.887
1748476340,poly,0c14c2ce2a0615802afc56811b43daa3ddf0482c5d1f31e339adbd08463f86c7;343,YES,29.000,0.125,0.875
1748476340,poly,522ff26109bf9a4d6d99a4965792cf3e8aa56b34368a9184677878307664b3fa;305,NO,30.000,0.125,0.875
1748476342,poly,39ea0ce62cd86be25ca96db9244b871938d3111d0cdd25eadf2a23bfb1647ffd;294,YES,50.000,0.125,0.875
1748476342,poly,8e3e8cef1cd61dafe8260313fa9c3c8dad6391b60008dfbb65345d581f2a6eb3;535,YES,295.000,0.125,0.875
1748476414,poly,e39b67430ca5f7cae21fccb2830394477523f110508bf98b668581c6cbd6a105;340,YES,41.000,0.138,0.862
1748477262,poly,52bd140de596e99646b781d5f6530d76d4cd28ce4ffd9b94ae82f86af6032360;1770,NO,15.000,0.137,0.863
1748477402,kalshi,53f484bd-48b4-4cbd-a2d1-d032f36fca5f,no,16.000,0.130,0.870
1748482375,kalshi,23b3a610-3a97-4879-a924-ecbeca9dcfcf,yes,50.000,0.200,0.800
1748482576,poly,66012310aa4f6234ee2f9b05a4c56e6c881b92328a831d2372652cad92b09d2e;495,NO,7.000,0.141,0.859
1748483458,kalshi,75a788e0-2dec-4226-82da-2ba60240d22f,no,77.000,0.170,0.830
1748483482,kalshi,b08b4377-a6c0-4ae9-b91b-b7695f8033ed,yes,877.000,0.180,0.820
1748483482,kalshi,f7b2fe02-3f32-4eac-aafc-ec9600d19275,yes,123.000,0.170,0.830
1748483488,poly,d7b770701d98b0555625126b62169a0cdc83a486f28d708d9b735cd7bcc7e184;752,NO,77.000,0.141,0.859
1748483516,poly,a4a8b578e89e188fa662c7d81421e75c39db339e9d62c06d11275b652d0a4631;555,NO,15.000,0.141,0.859
1748483516,poly,a4a8b578e89e188fa662c7d81421e75c39db339e9d62c06d11275b652d0a4631;558,YES,984.000,0.144,0.856
1748483534,poly,e689b665f90689ca40d311a9dea4789a1b4a3d207372aedaf57215158267301d;350,YES,200.000,0.144,0.856
1748483580,kalshi,62cad771-da52-4427-9550-45d96a8d52d6,yes,122.000,0.180,0.820
1748483584,kalshi,258433a4-2bf5-4dfa-bcfd-383152779886,yes,5.000,0.200,0.800
1748483584,kalshi,413a6e82-4bc8-47af-8f15-be4755657a66,yes,250.000,0.200,0.800
1748483584,kalshi,869bb51d-c8fd-4414-a165-8221ac4daff7,yes,40.000,0.190,0.810
1748483584,kalshi,8a39d889-a871-4d7c-b07a-8ebfc0ddf2ee,yes,10.000,0.200,0.800
1748483584,kalshi,bbadc3c6-cebb-40f1-a951-bf8a7a6c6259,yes,5.000,0.200,0.800
1748483584,kalshi,d29dc0f0-3fad-4148-b1a1-fbf7f6a3f6a2,yes,28.000,0.200,0.800
1748483584,kalshi,e9a69cf5-1ccb-4748-8ae2-761861486a7c,yes,1.000,0.180,0.820
1748483591,kalshi,e1963f79-9b3e-4136-90a4-96a103a0be26,yes,250.000,0.200,0.800
1748483592,poly,5d5b01649c4c4530fe2f4a0f0bc99b01a0f712434d8db724951e618de3417829;1076,YES,250.000,0.144,0.856
1748483594,kalshi,14aa9e61-9998-46cb-8a83-68eab62fb88b,no,250.000,0.200,0.800
1748483596,kalshi,15bafb8e-7cd4-4800-8f10-910a94071f82,no,150.000,0.200,0.800
1748483596,poly,b59fe680b566ea72440cb259e52666c7d92ce97e99d977227fbc530d2984a024;208,YES,250.000,0.144,0.856
1748483598,poly,8095ed65cb1aa62a1ad3ccfe54eff602adde4fd5a8096710d4eb387b18e5a6f3;374,YES,250.000,0.144,0.856
1748483600,poly,2c9bf510f7f4bb6ea83858fb8c8d842dfa44aa5a7390f42901eee034291c988f;306,YES,150.000,0.144,0.856
1748483614,kalshi,f48581ab-d626-43cb-92ff-243f595b1bf6,yes,100.000,0.200,0.800
1748483618,poly,c944013d2dea56d151a9fed369a7dad1c393a12da8b66713f9bf58a263e4d1e1;300,YES,100.000,0.144,0.856
1748483657,kalshi,c52ac8a0-9db2-40f7-a735-8ed49b9e5f67,yes,7.000,0.200,0.800
1748483659,kalshi,f76fd587-742b-4482-934b-4720ab7e665b,no,200.000,0.170,0.830
1748483662,poly,b82e4661e8230181b0d7fef2c5cc0c0731f773943cb0b3dc0cb0c9605479367f;365,YES,7.000,0.144,0.856
1748483666,poly,f94cc8e02e012b258d2d75626ea9084b52da7156836b386d8b78965b5d7a4025;850,YES,200.000,0.144,0.856
1748483670,poly,770a8c6ceb9e14d11ecfae24192752127f9bb83fbe5ea706e94591b2a59039f8;296,NO,7.000,0.134,0.866
1748483670,poly,770a8c6ceb9e14d11ecfae24192752127f9bb83fbe5ea706e94591b2a59039f8;310,YES,15.000,0.134,0.866
1748483686,poly,e205282bd1578374fc593d41e1da9bce57ba96fbc63ec45711b1f9a5d973eb5c;2719,YES,46.000,0.144,0.856
1748483702,poly,5de56726bde106fe155fe87f462da55b0015a1782018689285b1d1d68ebe6210;293,YES,23.000,0.144,0.856
1748483908,poly,df68f30cfa6d42982f75a8693a25005c82634e2ae76e96c3122c91f15dd944a2;402,YES,39.000,0.144,0.856
1748483936,poly,0b66803fb268da9df5dc41841c60af6ce260031d8f0c5b9169eb7ff0df5bac85;313,NO,2100.000,0.147,0.853
1748483937,kalshi,4232e1cc-e919-4fe9-bb9a-49428da3cbe0,no,200.000,0.170,0.830
1748489217,poly,4fe7ebd6224571154cd9e01c95c2c5cfa5aa8e5530d16f7471428ce69146afba;368,NO,29.000,0.157,0.843
1748489217,poly,a9c0045e5b831b72644623b24eaeef4834facc537df847fb3f45d33216152d89;359,NO,20.000,0.157,0.843
1748489217,poly,e4aa98b1c1da5ffd3b75122731e946661b516e2b3faf2fcb39f6d0ea3f2a00b7;409,NO,38.000,0.157,0.843
1748489217,poly,e4aa98b1c1da5ffd3b75122731e946661b516e2b3faf2fcb39f6d0ea3f2a00b7;423,YES,11.000,0.157,0.843
1748489219,poly,ec343f1ebb0c902c072f6dc34803e10b0ded1af9bc4e4c45c20b89487825f785;849,YES,20.000,0.157,0.843
1748489221,poly,098f3f86430ba64ebbb8637b27ea26d5d4c0c2f5a6a8ef47cc95347e0875827f;463,YES,4.000,0.158,0.842
1748489221,poly,6d8acc382cc80938b75b488a16f2e1632622c5f27e06f201595275bfd08f983c;414,YES,30.000,0.156,0.844
1748489221,poly,d304250e91abeb8b8aae45955a9800120adcb6d7c44bf1bbb81ebc5aca99be4f;354,YES,20.000,0.158,0.842
1748489225,poly,25fefda5883cb13eba49cfd82dfeb883077a05cd07efe780c63807121dae6386;411,YES,25.000,0.155,0.845
1748489233,poly,e9bf80e6a92c15f2585accd18544d8b2f839b0e07414639a66ab022d38e62ec0;718,YES,25.000,0.155,0.845
1748489239,poly,e5aa5c4ddc2f49fbdc33f1ae7aec2690417355a31e6d6e99b5c4fa120996f337;176,YES,200.000,0.154,0.846
1748489243,poly,0f6b97e0103542b1d7889448e7f19a84e8307cf49cd2ed85423b47fc6c8238b9;239,YES,30.000,0.154,0.846
1748489243,poly,5a7f3308cba0878d71d9ce19e6bce74fcffcfe87feb81c2d54b3d7e6aa67c60f;388,NO,25.000,0.155,0.845
1748489243,poly,fd32d0eafbea05edaac56efb90d7615ecf7a6b14f36825ca405f76634aae6702;513,YES,59.000,0.154,0.846
1748489247,poly,8c25e985cf2a5bcbe95d14e96e898e6f86e11d1f33399c98a3523d8c9da25da9;958,YES,50.000,0.154,0.846
1748489328,kalshi,3a6b01bd-076b-450a-9b72-766957ce1456,yes,1.000,0.170,0.830
1748489498,kalshi,1070f771-9bd6-46b0-8432-1fde22ed5232,yes,83.000,0.180,0.820
1748489498,kalshi,1d0c2b12-5fea-4e8d-bf27-6d71dd87302b,yes,200.000,0.180,0.820
1748489498,kalshi,308f649d-bbba-4d29-ad52-0e1baa20d6a4,yes,21.000,0.180,0.820
1748489498,kalshi,4abee174-3b59-4f04-b97d-33221087fff6,yes,31.000,0.170,0.830
1748489498,kalshi,56ee395c-ddea-4b92-b249-de2ed55a66c2,yes,53.000,0.170,0.830
1748489498,kalshi,e53cc443-4a5c-497e-91a8-7008a561e371,yes,134.000,0.190,0.810
1748489547,kalshi,1f0a4a13-d34e-4a76-b926-70bedf896132,yes,385.000,0.190,0.810
1748490015,poly,926d179fa9510bf3bce06891784a870239393354ee81cc4e6f69f5cfebb125ee;315,YES,60.000,0.155,0.845
1748490117,kalshi,92fb84dc-a132-4d91-add7-23aa21984791,yes,106.000,0.180,0.820
1748491975,kalshi,fc34d901-1c57-473d-8afa-5471effcdbd8,yes,2.000,0.190,0.810
1748492199,poly,55fc9dabaf3b3f496858d20ca9324e0aa4d55f74a9ef3d5a466b7f0c8cf1a4fa;1307,NO,21.000,0.173,0.827
1748494121,kalshi,0e823e8d-111f-4642-81ca-1fb8881e1ad3,yes,52.000,0.180,0.820
1748494415,poly,ae926dd83347f80e5be1845f449218f13c8a203ef3ea5cd26122ea7f9627c32f;409,YES,25.000,0.175,0.825
1748494415,poly,ae926dd83347f80e5be1845f449218f13c8a203ef3ea5cd26122ea7f9627c32f;412,YES,100.000,0.176,0.824
1748500279,poly,c2b86cb82a9d2425efd00353522112d9f3a020caec2f3f7f4d1f1268e1624bc7;747,YES,200.000,0.168,0.832
1748500281,poly,1e8d0cb0da1bee535140390e2805c4b0ceb23a19c84d7812677e14f1a2f4a25c;841,NO,3.000,0.162,0.838
1748500281,poly,1e8d0cb0da1bee535140390e2805c4b0ceb23a19c84d7812677e14f1a2f4a25c;844,NO,16.000,0.162,0.838
1748500281,poly,1ff90543baf2af8e0ad5562b3d63d6fd60708c3a17074cfa1b4d7b6df2811d26;301,YES,50.000,0.168,0.832
1748500281,poly,1ff90543baf2af8e0ad5562b3d63d6fd60708c3a17074cfa1b4d7b6df2811d26;315,YES,230.000,0.168,0.832
1748500281,poly,9804daf7cec19bc947c69e46c8eabebcab239f65dd3460720bc909d68c3faa7a;552,NO,150.000,0.167,0.833
1748500283,poly,40fe5ae8a24870777ccabb16e530b6b41116806e6b88ff22e90c73d4ac429f92;273,NO,61.000,0.162,0.838
1748500283,poly,5620d026dbc469f474689ea0bf52a89838f694006eb4319f23ea5906968fb369;322,NO,20.000,0.162,0.838
1748500291,poly,576f3bbd25f4f938aee3637ffe66071768951208e635ef6a563838fd9e8da07a;765,YES,100.000,0.168,0.832
1748500291,poly,9c146232038f25a699c4eb31734ed1847727d25491a54aaf815b307c83afd066;647,YES,42.000,0.168,0.832
1748500295,poly,1de160ccbe6f16de83c19af6a57183fb4ae6615267a3abb7cb6f8d7b1b7830dd;429,YES,200.000,0.168,0.832
1748500333,kalshi,989b9d02-6e4f-41e1-b8eb-c864fd0dd069,no,48.000,0.160,0.840
1748500333,kalshi,9f01cba5-b554-4808-96be-df7e2f8feae0,no,32.000,0.170,0.830
1748500333,kalshi,a3ef83cf-6515-480a-bb16-fe0ac7a13b08,no,20.000,0.170,0.830
1748500341,poly,316f220397c4e821261a4452eac204d98413f95da2080be18f440fa18b3772b5;432,YES,5.000,0.134,0.866
1748500426,kalshi,59006b7e-517f-4d2b-8bc8-c862f18df8b9,no,11.000,0.160,0.840
1748500426,kalshi,9bf37b99-a4f9-4dc1-98d0-d417a5e04d95,no,9.000,0.160,0.840
1748500431,poly,7e9bcb38c11c771b4a42dfe110c945e2ba45df2de1b411cbaacbce21fd6d2895;515,YES,20.000,0.130,0.870
1748500441,poly,31ea81053e014a82efb7d7de32f0d9f4e77014882cdf3cf45125a5f6dead127d;240,NO,50.000,0.121,0.879
1748500467,kalshi,09a5f129-80a8-4a25-9567-1ac8af3fd3ac,no,21.000,0.150,0.850
1748500467,kalshi,b40e85fc-02b8-44a0-8327-1f6a2fe4edd8,no,13.000,0.160,0.840
1748500467,kalshi,fc03973b-2dbf-4741-8164-697a204bae4f,no,66.000,0.160,0.840
1748500467,poly,9cd1e302baa4f8a9af1cb610882368502be01f145d5cf02090cd2e71de34891b;1110,NO,20.000,0.121,0.879
1748500471,poly,a34dcb659ce29c2a194376573a0f6a16db7268e628b5d52386d16899fdd654fb;729,NO,330.000,0.121,0.879
1748500471,poly,a34dcb659ce29c2a194376573a0f6a16db7268e628b5d52386d16899fdd654fb;743,YES,100.000,0.121,0.879
1748500479,kalshi,dcf4d535-65f2-4c6f-8dee-1399e38d6dd7,no,40.000,0.150,0.850
1748500479,poly,c937ae490a66ef2cb47bcd7922aa8dc5f2c14051f1c5309dd392344bf739b614;808,YES,90.000,0.122,0.878
1748500483,poly,a2676f8aa7b2ccfd27e8b51b3b56bb2b6bb63de3fb6f247abe7e98f0006c81fb;376,YES,40.000,0.122,0.878
1748500506,kalshi,28ef50ff-a502-42f6-ad3b-4bc5e3c77358,no,100.000,0.150,0.850
1748500506,kalshi,88c7c90c-4a23-4abe-9633-4f8df30e8efa,no,100.000,0.150,0.850
1748500506,kalshi,d69780d6-c29a-44f7-98cb-430733298989,no,100.000,0.150,0.850
1748500509,poly,9dc3b5cb65445b824768e8aadbda3f0d110e80ac1cb54d24408242ff0cb5dc2b;421,YES,100.000,0.120,0.880
1748500509,poly,9dc3b5cb65445b824768e8aadbda3f0d110e80ac1cb54d24408242ff0cb5dc2b;435,YES,100.000,0.110,0.890
1748500509,poly,9dc3b5cb65445b824768e8aadbda3f0d110e80ac1cb54d24408242ff0cb5dc2b;438,NO,341.000,0.110,0.890
1748500509,poly,9dc3b5cb65445b824768e8aadbda3f0d110e80ac1cb54d24408242ff0cb5dc2b;452,YES,10.000,0.101,0.899
1748500509,poly,9dc3b5cb65445b824768e8aadbda3f0d110e80ac1cb54d24408242ff0cb5dc2b;466,YES,100.000,0.100,0.900
1748500509,poly,9dc3b5cb65445b824768e8aadbda3f0d110e80ac1cb54d24408242ff0cb5dc2b;480,YES,115.000,0.092,0.908
1748500509,poly,9dc3b5cb65445b824768e8aadbda3f0d110e80ac1cb54d24408242ff0cb5dc2b;494,YES,300.000,0.092,0.908
1748500531,kalshi,01827c2a-da32-4ffd-8c01-f4311bcde473,no,79.000,0.150,0.850
1748500536,kalshi,221d4f10-b2c7-4ddb-88f8-8bbae6f8bfb3,no,150.000,0.150,0.850
1748500541,poly,caf4466063c5265352bfe69bf8187b4725f48d3e6e6a57d2ddfbe20438626345;739,NO,100.000,0.116,0.884
1748500541,poly,caf4466063c5265352bfe69bf8187b4725f48d3e6e6a57d2ddfbe20438626345;753,NO,55.000,0.116,0.884
1748500554,kalshi,6008ccd7-01b1-48dc-8b6c-80371a765223,no,31.000,0.150,0.850
1748500584,kalshi,c5f312f5-ec5c-4fe2-91d1-bb08469d8564,no,21.000,0.150,0.850
1748500593,kalshi,625952c1-292e-4673-9de5-21e7f6026aed,no,100.000,0.150,0.850
1748500639,kalshi,5ef96bec-1da5-4326-a037-3013a4473f02,no,100.000,0.150,0.850
1748500646,kalshi,8b4a9d18-7899-41c3-be08-122618a966e3,no,100.000,0.150,0.850
1748500649,kalshi,bf81aff0-e2c3-4215-a6d0-65b4a1a9d012,no,100.000,0.150,0.850
1748500650,kalshi,2f64dc3c-af2b-43ee-83ac-a004a0bb187c,no,50.000,0.150,0.850
1748500651,kalshi,5e73a0f8-3b80-4223-bfc5-870b37d2352e,no,100.000,0.150,0.850
1748500651,kalshi,868b24f4-b185-46fd-89d6-260a971783cf,no,50.000,0.150,0.850
1748500652,kalshi,c5510eda-1318-4cdb-aa28-ecf08c285502,no,5.000,0.150,0.850
1748500652,kalshi,f2ab8aed-39ee-4290-9425-c28b4d27f3b4,no,100.000,0.150,0.850
1748500692,kalshi,2f30c97c-83d6-4d4a-a775-82bb6c5198b0,no,100.000,0.150,0.850
1748500693,kalshi,34f5979d-edbb-417c-9688-3742f527bced,no,100.000,0.150,0.850
1748500694,kalshi,8e59d0d6-1735-40ba-9eea-8af3e3406171,no,100.000,0.150,0.850
1748500695,kalshi,51c76d2e-6017-468c-b0f8-a21772a9b076,no,100.000,0.150,0.850
1748500699,kalshi,42d87287-09c4-46c5-934a-fef23ae1a50f,no,100.000,0.150,0.850
1748500700,kalshi,a35f7b75-57f4-45f2-b444-4e8522b1648b,no,100.000,0.150,0.850
1748500700,kalshi,c3276c58-b83d-4589-9dbb-55ce989d68e6,yes,7.000,0.160,0.840
1748500702,kalshi,22e5449e-6fdf-47fa-b44c-9a1d62d7d613,no,79.000,0.150,0.850
1748500702,kalshi,a23bb6f8-2cea-4102-b532-b7cd1786e3df,no,13.000,0.150,0.850
1748500702,kalshi,a42ae060-7261-4d25-836d-84b8dc91eb49,no,99.000,0.150,0.850
1748500708,kalshi,be0a4994-0ba3-4341-b5d7-e86578daa8a8,no,100.000,0.150,0.850
1748500711,kalshi,0ff0ba17-a621-40c6-8c72-0d427290dd56,no,100.000,0.150,0.850
1748500716,kalshi,b9778115-9b93-456b-a70e-ad015040751d,no,100.000,0.150,0.850
1748500717,kalshi,24edbc00-4154-4c58-8dd7-6406f6205c0c,no,100.000,0.150,0.850
1748500719,kalshi,79a0c43c-8d39-4975-95f9-0b5b72c0789d,no,20.000,0.150,0.850
1748500824,kalshi,b6c5b4af-00c2-4ba6-bc37-207ba3ca9822,no,1.000,0.150,0.850
1748520027,kalshi,aae3ff3e-15cf-4256-84f1-6b79d0c5b6d3,no,4681.000,0.140,0.860
1748520027,kalshi,b98db9d9-4ae2-4bfb-abb6-0fbb2e6a1082,no,736.000,0.150,0.850
1748520165,poly,948f2b8067170f5fc7b95f0aef6cf16830e67a7f2d0c1557519c10dcbd19d465;280,NO,174.000,0.117,0.883
1748520165,poly,948f2b8067170f5fc7b95f0aef6cf16830e67a7f2d0c1557519c10dcbd19d465;294,NO,76.000,0.117,0.883
1748520165,poly,948f2b8067170f5fc7b95f0aef6cf16830e67a7f2d0c1557519c10dcbd19d465;308,NO,50.000,0.120,0.880
1748520165,poly,948f2b8067170f5fc7b95f0aef6cf16830e67a7f2d0c1557519c10dcbd19d465;311,YES,73.000,0.120,0.880
1748520165,poly,948f2b8067170f5fc7b95f0aef6cf16830e67a7f2d0c1557519c10dcbd19d465;325,NO,200.000,0.121,0.879
1748520165,poly,948f2b8067170f5fc7b95f0aef6cf16830e67a7f2d0c1557519c10dcbd19d465;339,NO,200.000,0.121,0.879
1748520165,poly,948f2b8067170f5fc7b95f0aef6cf16830e67a7f2d0c1557519c10dcbd19d465;353,NO,640.000,0.121,0.879
1748520165,poly,948f2b8067170f5fc7b95f0aef6cf16830e67a7f2d0c1557519c10dcbd19d465;367,NO,1440.000,0.121,0.879
1748520165,poly,948f2b8067170f5fc7b95f0aef6cf16830e67a7f2d0c1557519c10dcbd19d465;381,NO,50.000,0.121,0.879
1748520165,poly,948f2b8067170f5fc7b95f0aef6cf16830e67a7f2d0c1557519c10dcbd19d465;395,NO,464.000,0.121,0.879
1748520165,poly,948f2b8067170f5fc7b95f0aef6cf16830e67a7f2d0c1557519c10dcbd19d465;409,NO,20.000,0.122,0.878
1748520165,poly,948f2b8067170f5fc7b95f0aef6cf16830e67a7f2d0c1557519c10dcbd19d465;423,NO,240.000,0.122,0.878
1748520165,poly,948f2b8067170f5fc7b95f0aef6cf16830e67a7f2d0c1557519c10dcbd19d465;437,NO,2041.000,0.122,0.878
1748526825,kalshi,45031948-a9a4-46a7-8b6f-9a7e75f5e6d0,yes,150.000,0.140,0.860
1748526825,kalshi,52d429a5-c490-445e-9b12-3fbe76351472,yes,38.000,0.150,0.850
1748526825,kalshi,660992b2-b541-4e3a-b59f-f74fc3d874da,yes,100.000,0.150,0.850
1748526825,kalshi,8d2c2a5d-7ee6-4556-b9bc-88b2b40e2329,yes,5000.000,0.150,0.850
1748526829,poly,97901e4630d0c985367517a4954ae84ca37691df8ab9a5d5f85d5b58a5de1337;994,NO,20.000,0.136,0.864
1748526829,poly,97901e4630d0c985367517a4954ae84ca37691df8ab9a5d5f85d5b58a5de1337;1008,NO,50.000,0.136,0.864
1748526829,poly,97901e4630d0c985367517a4954ae84ca37691df8ab9a5d5f85d5b58a5de1337;1022,NO,29.000,0.136,0.864
1748526905,poly,e4751de8105d4a18492ad1d5c8ba27828bcdac3de93d23b2a56ac2df98888b4a;754,NO,100.000,0.136,0.864
1748526905,poly,f2c86c3aaf0a602647502aa9c8553655c258048da77e2fd280fb516ce4bef78d;774,NO,100.000,0.136,0.864
1748527039,poly,3c05a3020c81133e5cd5602c5bcb88ca0036b28d5df2738e8cc4bc784041719d;716,NO,30.000,0.136,0.864
1748527039,poly,3c05a3020c81133e5cd5602c5bcb88ca0036b28d5df2738e8cc4bc784041719d;730,NO,10.000,0.136,0.864
1748527039,poly,3c05a3020c81133e5cd5602c5bcb88ca0036b28d5df2738e8cc4bc784041719d;744,NO,100.000,0.136,0.864
1748527039,poly,3c05a3020c81133e5cd5602c5bcb88ca0036b28d5df2738e8cc4bc784041719d;758,NO,153.000,0.136,0.864
1748527119,poly,5322a4c7e4449ddb6e314c67581af4190d01295ec0f0a14a0fbab7f88283726a;282,NO,76.000,0.136,0.864
1748527119,poly,5322a4c7e4449ddb6e314c67581af4190d01295ec0f0a14a0fbab7f88283726a;285,YES,70.000,0.137,0.863
1748527125,poly,7123f0864a0898ac14a6354563f0bbc36db798eb08008e5f1a30eee59fc29b0c;976,YES,28.000,0.137,0.863
1748527125,poly,7123f0864a0898ac14a6354563f0bbc36db798eb08008e5f1a30eee59fc29b0c;990,NO,7.000,0.138,0.862
1748529499,kalshi,5bd9e56d-0e56-42d3-9058-3291e486d45a,yes,95.000,0.160,0.840
1748529499,kalshi,69473063-8850-4abc-bb24-6b7f129dea90,yes,5.000,0.160,0.840
1748529499,kalshi,6cd045ac-1c74-4239-abda-80e158e53e0c,yes,100.000,0.170,0.830
1748529499,kalshi,991fe8cb-d119-4df9-8740-fb89fb3455ec,yes,410.000,0.170,0.830
1748529503,poly,81dec3f9e74a2ff6f2135953b9bfe754c89fc2d898fe84a9c3e321c5d574fc7f;521,NO,100.000,0.138,0.862
1748529503,poly,96653e2346eb3bd315c720ff45ef96e2d70c268b23884b67fbc17f359d1bf218;575,NO,10.000,0.138,0.862
1748529503,poly,96653e2346eb3bd315c720ff45ef96e2d70c268b23884b67fbc17f359d1bf218;589,NO,84.000,0.138,0.862
1748529503,poly,e9b694807e2518e58bd7d193ad055c6c40ef4b5c256b1779fa2d2e30c381ddac;541,NO,72.000,0.138,0.862
1748529645,poly,e446916227fcf46018d8142beb9c043b2597aa9b112e8f7bc2e47f54cf51e3d2;586,NO,7.000,0.138,0.862
1748533289,kalshi,66d53daa-e79f-4c8f-993b-60a72fb1e338,yes,11.000,0.160,0.840
1748533427,poly,83099aa5b818550349dc17334b3bb6265ca70f3472ccd9953e032f9d1d7e5c95;299,NO,86.000,0.138,0.862
1748533963,kalshi,0b597137-4450-4dfb-acdf-f850d0a9183e,yes,42.000,0.180,0.820
1748533963,kalshi,20ad203b-d952-4175-991b-161c52e8ea95,yes,2.000,0.170,0.830
1748533963,kalshi,79cdf3f6-951f-4546-8b9a-d81c33b8baba,yes,29.000,0.160,0.840
1748533963,kalshi,9588c9a4-26f5-4ec9-944e-ecd035505d46,yes,100.000,0.160,0.840
1748533963,kalshi,d1137634-3b42-4206-9dc1-e47a92a84189,yes,100.000,0.170,0.830
1748533963,kalshi,dbacb151-f647-416a-bd0a-b41b4f1f9895,yes,1.000,0.170,0.830
1748533963,kalshi,fd8c5224-8971-41e8-80d4-e07d13e9f51d,yes,9.000,0.160,0.840
1748533967,poly,059d0ae57a7c95dd36dcedac6574c2f83cf3e7cde45639c9d756a968720c1738;314,NO,100.000,0.138,0.862
1748533969,poly,b99b9c93dfd6c67e575ef7d6dbe8d2323a798f56613727dadb3a213af2a3647b;383,NO,100.000,0.138,0.862
1748534247,poly,c959436f59d77a0f3e43b8c8fdcc043aaec97bbbfa3f6a9af7fd692f53262431;843,NO,62.000,0.138,0.862
1748534247,poly,c959436f59d77a0f3e43b8c8fdcc043aaec97bbbfa3f6a9af7fd692f53262431;846,YES,52.000,0.138,0.862
1748536135,poly,2c5285eb8d4eeedb8e2b914051aec82e6a0e0598640ef325a1505fe99458cdc7;499,YES,200.000,0.142,0.858
1748536193,kalshi,00bde25a-6811-44a8-ada6-449790cbce14,yes,100.000,0.190,0.810
1748536193,kalshi,187b599a-f6d4-4c01-83b9-c8356e7c48db,yes,200.000,0.200,0.800
1748536193,kalshi,18bc47b0-761c-4921-b809-0dae8dea15cf,yes,100.000,0.190,0.810
1748536193,kalshi,32ac0438-62a1-40c2-af60-531c63bebc3f,yes,100.000,0.170,0.830
1748536193,kalshi,366551e9-ad3c-4362-95fb-e88c401209ac,yes,40.000,0.180,0.820
1748536193,kalshi,48c9244a-b1f7-4e29-ac6d-6e2878992742,yes,100.000,0.160,0.840
1748536197,poly,1b1fdbd100c05feaa651485ebdb8a748c3ee9a384294882488f5b4671e4f6946;335,YES,100.000,0.144,0.856
1748536197,poly,40405a3f12c87e8de3c194e53f6590f2a8929d76aaf26d5032ef1ff8e3a81952;373,YES,100.000,0.144,0.856
1748536197,poly,6718319a551f4f005f3b8e301c3de8d28f4a87c5dbe45dc60d3263212c1476ef;326,NO,100.000,0.143,0.857
1748536197,poly,9ef1daa3aeaec872228d5ae2c69088e06577659aa1f009998ae0d02c869ac8d2;344,YES,100.000,0.144,0.856
1748536283,kalshi,68136779-49e2-41a0-8e62-b6c1d1fbc0d8,no,1.000,0.150,0.850
1748536497,poly,bf01ac7b1650ab6832b78d857377ff36acd8bbc8768d537bfdfd7a8af0465f54;340,YES,173.000,0.144,0.856
1748536752,kalshi,960fa351-e553-4b4a-b1ec-07bb52e26cbc,yes,11.000,0.160,0.840
1748539669,poly,147375f069a9ade80421c411c1cee653b3f46c29622d0628a014141e796725ec;368,YES,23.000,0.151,0.849
1748539669,poly,147375f069a9ade80421c411c1cee653b3f46c29622d0628a014141e796725ec;382,NO,200.000,0.151,0.849
1748539669,poly,147375f069a9ade80421c411c1cee653b3f46c29622d0628a014141e796725ec;396,NO,30.000,0.152,0.848
1748539669,poly,147375f069a9ade80421c411c1cee653b3f46c29622d0628a014141e796725ec;410,NO,12.000,0.152,0.848
1748539669,poly,147375f069a9ade80421c411c1cee653b3f46c29622d0628a014141e796725ec;424,NO,12.000,0.152,0.848
1748539669,poly,147375f069a9ade80421c411c1cee653b3f46c29622d0628a014141e796725ec;438,NO,12.000,0.152,0.848
1748539669,poly,147375f069a9ade80421c411c1cee653b3f46c29622d0628a014141e796725ec;452,NO,12.000,0.152,0.848
1748539669,poly,147375f069a9ade80421c411c1cee653b3f46c29622d0628a014141e796725ec;466,NO,12.000,0.152,0.848
1748539669,poly,147375f069a9ade80421c411c1cee653b3f46c29622d0628a014141e796725ec;480,NO,11.000,0.152,0.848
1748539669,poly,cf3dffcd8acd957449f2755ec96386a51a52b7cdc0e9a5895dad5d7410147854;580,YES,29.000,0.148,0.852
1748539671,poly,22bf5691bdbf0cc8e25753114646fe4314b5f7ce0d2b1df367bd9429bc683d0e;360,YES,70.000,0.148,0.852
1748539681,poly,1b0843ef3eab68e2a70e36e83d2a9ef7ce25fdc83390c12ba97bd62d9d381644;244,NO,24.000,0.148,0.852
1748539707,poly,001dab3355667f4202db78bcf1e4ee538644c6ee89974353f6b2651b61ea52cc;337,NO,46.000,0.148,0.852
1748539707,poly,001dab3355667f4202db78bcf1e4ee538644c6ee89974353f6b2651b61ea52cc;351,NO,6.000,0.151,0.849
1748539707,poly,001dab3355667f4202db78bcf1e4ee538644c6ee89974353f6b2651b61ea52cc;365,NO,1.000,0.160,0.840
1748539725,poly,7afcdd09671dd075ddedc99bb11010fea06ac778109ad136fe8d90540422c088;230,NO,1.000,0.159,0.841
1748539899,kalshi,1621de06-8a73-44e2-a2d5-cb297a35146f,no,24.000,0.150,0.850
1748539899,kalshi,6874ee93-aa29-4fdb-9f05-38d51401bb17,no,92.000,0.150,0.850
1748539899,kalshi,d9fdd838-f43e-4def-b0a2-46dd4d2d2410,no,2830.000,0.150,0.850
1748543453,poly,fe582910d96c1a5e23d95af4840ba626c24dcc0006451d35b96f660263b49b5d;115,NO,42.000,0.159,0.841
1748543453,poly,fe582910d96c1a5e23d95af4840ba626c24dcc0006451d35b96f660263b49b5d;129,NO,20.000,0.159,0.841
1748543525,poly,17421f743625476af5d75656a995b7218d84fb7fbdc309c7a20d0b19ca6611d0;223,NO,6.000,0.159,0.841
1748543713,kalshi,20d6847d-6100-4506-8ecf-3e9952f2ca57,no,682.000,0.160,0.840
1748543837,poly,25ab827de21c58b55fbe0d341168bb773292ac688722051f22f82067c4115c2c;238,NO,32.000,0.159,0.841
1748543837,poly,25ab827de21c58b55fbe0d341168bb773292ac688722051f22f82067c4115c2c;241,YES,23.000,0.159,0.841
1748543837,poly,25ab827de21c58b55fbe0d341168bb773292ac688722051f22f82067c4115c2c;244,YES,6.000,0.159,0.841
1748544095,kalshi,0d384ba6-36ea-493f-887a-4a1fe70c3bf1,yes,37.000,0.170,0.830
1748544095,kalshi,59c59ff3-1292-43b0-ae12-8aae680d6906,yes,200.000,0.170,0.830
1748544095,kalshi,e757bd77-9bd8-4a4a-b8c9-f2b3ed2a288c,yes,296.000,0.170,0.830
1748544247,poly,a4d2904e6be2f28ab0c7177a11e0e76b74d6464801045bee909c233e6bfb63a5;443,YES,113.000,0.160,0.840
1748544247,poly,a4d2904e6be2f28ab0c7177a11e0e76b74d6464801045bee909c233e6bfb63a5;457,NO,50.000,0.161,0.839
1748544247,poly,a4d2904e6be2f28ab0c7177a11e0e76b74d6464801045bee909c233e6bfb63a5;460,YES,50.000,0.161,0.839
1748544247,poly,a4d2904e6be2f28ab0c7177a11e0e76b74d6464801045bee909c233e6bfb63a5;474,NO,50.000,0.162,0.838
1748544247,poly,a4d2904e6be2f28ab0c7177a11e0e76b74d6464801045bee909c233e6bfb63a5;488,NO,200.000,0.164,0.836
1748544247,poly,a4d2904e6be2f28ab0c7177a11e0e76b74d6464801045bee909c233e6bfb63a5;502,NO,271.000,0.165,0.835
1748551469,poly,6f8216ef0e54ff13bafe3002cfd133a3b768bd183083d6e16642c9284ab57c93;483,YES,4.000,0.159,0.841
1748551548,kalshi,47a2ce72-f9df-4b0e-92b6-20534de5983c,yes,4.000,0.170,0.830
1748551548,kalshi,997cf76c-46fc-4d55-85d6-69c87ed87cb6,yes,229.000,0.170,0.830
1748551548,kalshi,d6557e41-b521-4d54-a0e4-e1c6faf912f5,yes,183.000,0.170,0.830
1748551555,poly,cafb07bfe056584179ed233461f98bf783fa58ece5c608cbe1d8378dab27fa2b;975,YES,93.000,0.164,0.836
1748551555,poly,cafb07bfe056584179ed233461f98bf783fa58ece5c608cbe1d8378dab27fa2b;989,NO,50.000,0.164,0.836
1748551555,poly,cafb07bfe056584179ed233461f98bf783fa58ece5c608cbe1d8378dab27fa2b;1003,NO,100.000,0.165,0.835
1748551555,poly,cafb07bfe056584179ed233461f98bf783fa58ece5c608cbe1d8378dab27fa2b;1017,NO,50.000,0.165,0.835
1748551555,poly,cafb07bfe056584179ed233461f98bf783fa58ece5c608cbe1d8378dab27fa2b;1020,YES,21.000,0.165,0.835
1748551555,poly,cafb07bfe056584179ed233461f98bf783fa58ece5c608cbe1d8378dab27fa2b;1023,YES,412.000,0.167,0.833
1748551565,kalshi,f9cbb966-351a-46fb-a2db-4f17b3582fed,yes,271.000,0.170,0.830
1748554873,poly,1ac33274f30fb2ea1c14185faac086d765a904433e574b1210024e77e342b780;1067,NO,20.000,0.161,0.839
1748554873,poly,6edbddddadb96bf5b129c475de7fe135cdcf618202a525ef9d26d2458a2e5071;1044,NO,20.000,0.161,0.839
1748554873,poly,93ac4ad70253267dcdb72a9b47ebab6b014fa0b74fbf815989265e253e3d6603;578,NO,44.000,0.166,0.834
1748555061,kalshi,f6f26348-d023-46b2-afaa-25f37d9723a8,yes,52.000,0.180,0.820
1748562545,poly,14a0316e561f8aecd985e25a9be156d2c13d8ea1cf5dd127be85faa8a03c753a;949,YES,12.000,0.159,0.841
1748562806,kalshi,1ae87f77-9bfb-400d-a30a-d620bd6407aa,yes,50.000,0.170,0.830
1748562806,kalshi,deb3298b-c340-4511-9a2f-3ddf2b8e3d44,yes,52.000,0.180,0.820
1748563027,poly,ae53f6d1b994c041446b6a54abf90f02485819aea51861f34c8c2496dc95d804;340,YES,62.000,0.159,0.841
1748563071,poly,4ed010b072d70a881c4baef24ef0dd0ab68543e265b07e927bcb1acdfab72729;315,YES,34.000,0.155,0.845
1748563071,poly,4ed010b072d70a881c4baef24ef0dd0ab68543e265b07e927bcb1acdfab72729;329,YES,200.000,0.150,0.850
1748563287,kalshi,b37c49c1-00ee-44cc-8487-8129a6c5a028,yes,50.000,0.170,0.830
1748563484,kalshi,5df4cf2b-6ad7-4ea4-825d-0259767f3abc,yes,55.000,0.170,0.830
1748563491,poly,5b13d1c8032919d9f5f74bfdc46d65cb27bd991b971addbb78a8487e9e9c2fdc;55,NO,55.000,0.147,0.853
1748563519,poly,21047c5ee9bc887f8a441997309c1f7b1eac8434b74483180f1b67198da223f2;434,NO,21.000,0.144,0.856
1748563521,poly,6f337b7e55fd11bbb0cb452f03225781c3778de78619285f86b0de8f24109019;471,NO,9.000,0.143,0.857
1748563689,kalshi,029d43a0-f4c3-4610-8959-acdff1d53b21,yes,154.000,0.180,0.820
1748563701,poly,e758c7d283012a30d422cadeff91d82a574a521072159607dc855762937fafe0;541,NO,55.000,0.148,0.852
1748563701,poly,f50f169f33a91b628a825bbf16bc598cb17955d884f60fdfdf8d923219bf6b48;492,NO,12.000,0.143,0.857
1748563701,poly,f50f169f33a91b628a825bbf16bc598cb17955d884f60fdfdf8d923219bf6b48;495,YES,21.000,0.148,0.852
1748563701,poly,f50f169f33a91b628a825bbf16bc598cb17955d884f60fdfdf8d923219bf6b48;509,NO,11.000,0.148,0.852
1748565938,kalshi,88baa5a6-3328-4670-8d4d-fc23633b6b0c,yes,55.000,0.170,0.830
1748565943,poly,3eb7c5921cee722c5f8d2d3d58ea553ee3b7d6ac6f63950c061e53b637c648e8;353,NO,22.000,0.146,0.854
1748565943,poly,3eb7c5921cee722c5f8d2d3d58ea553ee3b7d6ac6f63950c061e53b637c648e8;367,NO,33.000,0.147,0.853
1748576891,poly,05f9e9ffbfe13be1b608a8f65a94fac25860d7c65faacd01a8ce0936dbae1127;1118,NO,200.000,0.137,0.863
1748576925,kalshi,05787f0c-cc8e-46cd-be8b-0c73096730b5,yes,119.000,0.160,0.840
1748576925,kalshi,085388c5-d3d5-4ea7-b3c8-9e5b3cb014d3,yes,58.000,0.180,0.820
1748576925,kalshi,560ae948-0e2c-4a4d-ab6f-4921902564e6,yes,100.000,0.170,0.830
1748606550,kalshi,82995018-d60f-462e-9b7c-db7d858b0ab7,no,50.000,0.140,0.860
1748606564,poly,90b0ae612f541d93799a5b5b3edce37479318f96d310814da52524f3cc510a66;378,NO,50.000,0.127,0.873
1748606630,kalshi,19fa52f2-20a6-47a9-be94-7ce0b9391bda,yes,22.000,0.160,0.840
1748606630,kalshi,25975831-7473-4149-b5d8-4d053e6e2d2c,yes,100.000,0.150,0.850
1748606640,poly,7eb721742e9d42427cf411a6fc62bea9417bf41e2c8bc5e86d1fb89d8f87fb07;382,NO,43.000,0.127,0.873
1748606640,poly,7eb721742e9d42427cf411a6fc62bea9417bf41e2c8bc5e86d1fb89d8f87fb07;396,NO,12.000,0.127,0.873
1748606640,poly,7eb721742e9d42427cf411a6fc62bea9417bf41e2c8bc5e86d1fb89d8f87fb07;410,NO,38.000,0.127,0.873
1748606640,poly,7eb721742e9d42427cf411a6fc62bea9417bf41e2c8bc5e86d1fb89d8f87fb07;424,NO,6.000,0.128,0.872
1748607427,kalshi,749015f4-84f4-49cc-8a0a-72b86f23b00a,yes,100.000,0.160,0.840
1748607427,kalshi,7bee3a03-c1ef-4373-af27-d15addd8ba83,yes,202.000,0.170,0.830
1748607432,poly,d820ba7aed2bf9310b00e773de9d4cf46fc664ad07370f7c36ba60a162444305;366,NO,23.000,0.128,0.872
1748607432,poly,d820ba7aed2bf9310b00e773de9d4cf46fc664ad07370f7c36ba60a162444305;380,NO,76.000,0.128,0.872
1748607432,poly,da28deba68aee4957c3274b98f84eafd49b230bd2412d5fd46057f96a9ad264e;400,NO,100.000,0.128,0.872
1748607442,poly,9d11e0fb69f04511c7ac438f81b2af535d4ae048c87dae030c6d71808471c9d1;447,NO,23.000,0.128,0.872
1748607442,poly,9d11e0fb69f04511c7ac438f81b2af535d4ae048c87dae030c6d71808471c9d1;450,YES,76.000,0.133,0.867
1748610621,kalshi,b5f11526-4749-483f-b960-a383a5f208b3,yes,50.000,0.150,0.850
1748610659,poly,6006c6e1a46b1d2436cb30cc6d4f7e501c805aa81d8e27b159414b40b19afe5f;509,YES,100.000,0.126,0.874
1748611079,poly,ffb34a6e6fa917205a41bfdc84316f815e652a5be22ff12faf14d58e04bca88c;310,YES,100.000,0.122,0.878
1748611112,kalshi,12cffe96-326c-40c7-a778-af07910e92b8,yes,12.000,0.150,0.850
1748616514,kalshi,a8a67fad-87bb-4b66-a515-be74e04a6132,yes,53.000,0.150,0.850
1748616519,poly,91b802051fd240d58c1040f4c9134c309df2388367168aed509bb984b6d426fb;372,YES,53.000,0.125,0.875
1748619814,kalshi,3c54629c-84c6-4660-a702-0a5d3b0c9c7d,yes,100.000,0.150,0.850
1748619814,kalshi,484714dc-4f9f-426d-8517-94915a488144,yes,100.000,0.150,0.850
1748619819,poly,112faa446c93df39f412250839831a283a9852c36a35c1bfb0b1e1d2539ae66f;330,YES,100.000,0.126,0.874
1748619819,poly,9ffbad2157a61ca3cbd35f8789fd3fd0a64ab81de4eb3fb12a62392f954d2581;305,NO,100.000,0.125,0.875
1748628825,kalshi,1ead5eaf-013b-48ed-ab75-5f282f76c1d7,yes,388.000,0.150,0.850
1748628825,kalshi,7ff3f876-5463-45a6-bda0-bc0591e7c090,yes,141.000,0.150,0.850
1748628825,kalshi,fdcad9b5-8205-4055-93b5-28a22ac78ff1,yes,100.000,0.150,0.850
1748628829,poly,13332b6bdc8d9e0d87c7d1ee68789778d909750c74e9b5b74ebc88ae4e106773;272,YES,100.000,0.129,0.871
1748628863,kalshi,2d3f42b4-4114-410e-bb54-1eeaf7dac095,yes,100.000,0.150,0.850
1748628863,kalshi,51f25f2a-9d27-4c52-82ed-5f11e4b0416b,yes,100.000,0.160,0.840
1748628863,kalshi,5ab14378-ae0e-48af-b382-14b21f9346f6,yes,16.000,0.160,0.840
1748628863,kalshi,632f6de2-c826-4b22-8c73-58f7f2f94016,yes,112.000,0.150,0.850
1748628863,kalshi,d1be6a38-c0b9-41c2-8867-077390426d51,yes,500.000,0.160,0.840
1748628863,kalshi,e3f8f8db-5ea0-487f-b7c6-729aaf2e1206,yes,584.000,0.150,0.850
1748628863,kalshi,f4fd1244-444c-4fe9-ae28-2cd3535a23cb,yes,112.000,0.160,0.840
1748628869,poly,65646914b13a6305d238ee6bd7a1e3247537d5c6eb79b86b281a25995f062b2b;280,YES,100.000,0.129,0.871
1748628869,poly,9a3e26f02ac80392a4d9f110d947fa3f9c4bb52a5aec66e2d87a4009088884d2;253,YES,100.000,0.129,0.871
1748628871,poly,4091c2bab544e7794d94b336dd83dcd6216b36275b6b16374720fec2474388c0;254,YES,384.000,0.129,0.871
1748628871,poly,4091c2bab544e7794d94b336dd83dcd6216b36275b6b16374720fec2474388c0;268,NO,199.000,0.132,0.868
1748628911,kalshi,546524dc-c1ef-420a-b47e-fb0fa56c4c05,yes,577.000,0.160,0.840
1748628915,poly,acf33ff533aa03ca327968bf408523fb183047f1da2d5bd6769ab1a324c8ea11;326,NO,22.000,0.131,0.869
1748628915,poly,acf33ff533aa03ca327968bf408523fb183047f1da2d5bd6769ab1a324c8ea11;340,NO,78.000,0.132,0.868
1748628915,poly,dd6c06c2c4823129371dbee1e7147c1b66011763bd62afb1aeb635fafa7cf65c;306,NO,100.000,0.132,0.868
1748628917,poly,d8789ebe121ac7a4af6c2da2db7098012593963e35f403157126d96c9cc50917;716,NO,22.000,0.132,0.868
1748628945,poly,446095bb02b952476689ea75e978021629a7bb6d9a1460dee357c585a373ff73;466,NO,500.000,0.132,0.868
1748628983,poly,959472014bddd5b68e1686bf6d5f1faf885d6b9f74714cf3be0b14e7ce55aa62;466,NO,900.000,0.132,0.868
1748630281,kalshi,1ec9c63f-956a-4235-93b7-5af4198b30b7,yes,66.000,0.160,0.840
1748630281,kalshi,27dd664b-28cf-4bfc-b674-f6656003a9ef,yes,100.000,0.160,0.840
1748630281,kalshi,4c454f75-8771-4ce6-b2c7-79c1a4f0f60f,yes,500.000,0.150,0.850
1748630281,kalshi,8bca660b-6fd6-48ff-b244-9344b2a8700f,yes,100.000,0.150,0.850
1748630281,kalshi,a7b8a296-4fa9-4c1d-990b-40274352dd5c,yes,423.000,0.160,0.840
1748630285,poly,480889bfb8f1c89d9572ce470855e5ea972e55363c47d7997d004018e4dfe1ae;679,NO,30.000,0.131,0.869
1748630285,poly,480889bfb8f1c89d9572ce470855e5ea972e55363c47d7997d004018e4dfe1ae;693,NO,69.000,0.132,0.868
1748630285,poly,d6c0d9c0242c0c5eedeab299da0a293bd232e1e3f2f40d06ca26e241cf21b78e;659,NO,100.000,0.132,0.868
1748630287,poly,155dbfc6e982935608be70d6cb3175f52404916b2d3ae19160da23cc65dd842f;237,NO,30.000,0.132,0.868
1748630319,poly,25e8be0f2a385bca2cb686106b17afa61bfd892242daa0390f87e5f57d04d037;336,NO,100.000,0.132,0.868
1748630321,poly,2456d164f497a7ec6c6a36909f816e570ce66104e70bfbfb78f47532bae54e43;310,NO,200.000,0.132,0.868
1748630321,poly,2456d164f497a7ec6c6a36909f816e570ce66104e70bfbfb78f47532bae54e43;324,NO,55.000,0.134,0.866
1748630321,poly,2456d164f497a7ec6c6a36909f816e570ce66104e70bfbfb78f47532bae54e43;338,NO,43.000,0.134,0.866
1748630343,poly,42ea4b3cfbed4f74721bd1b30cbbb16106760cdae2f1cd290186801964a61c47;364,YES,10.000,0.128,0.872
1748630343,poly,a33b605f4fe0414df5f25c8dd30917c139ac0c30dc773f7d2670face88ab6566;230,YES,90.000,0.128,0.872
1748630343,poly,a33b605f4fe0414df5f25c8dd30917c139ac0c30dc773f7d2670face88ab6566;244,YES,10.000,0.128,0.872
1748630347,poly,457688f645b6b6619adc79fb8efceb2dd4440a2d69f0d77037a192d0cc81dbea;329,YES,100.000,0.131,0.869
1748632165,kalshi,f6a33430-c570-46ac-96fe-c8db565688c9,yes,31.000,0.150,0.850
1748632169,poly,cd8595c7daeb5da545be5e535a7bd7c0476b69f63526f5863da5e29cb445ae53;330,NO,31.000,0.130,0.870
1748633443,poly,587cb89191feeef49ff567fe94f259abf01a911b98db0d52e2b00e43a4dbb97d;267,YES,97.000,0.128,0.872
1748633468,kalshi,eb747da3-2745-47bb-9c3a-394b08a32652,yes,18.000,0.150,0.850
1748634109,poly,3ad6189c1342eb1d92228377b5ac81fdb127539b79416f71fc2c89b0e202cf62;250,YES,38.000,0.130,0.870
1748634291,kalshi,1a3a15d6-5653-46b3-8a82-cca486e2d84d,yes,82.000,0.150,0.850
1748634291,kalshi,3a7037bc-d344-4c88-a9e4-fcf40f99f7bf,yes,223.000,0.150,0.850
1748634291,kalshi,56afd697-199d-4e64-9154-5b46beafd701,yes,500.000,0.160,0.840
1748634295,poly,7f424c465bf894487c529c15f18a266123ab18a3605fefa72f48e52083a3d134;358,YES,8.000,0.131,0.869
1748634295,poly,7f424c465bf894487c529c15f18a266123ab18a3605fefa72f48e52083a3d134;372,NO,50.000,0.131,0.869
1748634295,poly,7f424c465bf894487c529c15f18a266123ab18a3605fefa72f48e52083a3d134;375,YES,27.000,0.131,0.869
1748634295,poly,7f424c465bf894487c529c15f18a266123ab18a3605fefa72f48e52083a3d134;378,YES,13.000,0.131,0.869
1748634297,poly,5c3f48b07fe72146841b80bae8afd1e350000a15daea15f3e96464dd3e9c713d;240,YES,23.000,0.131,0.869
1748634297,poly,5c3f48b07fe72146841b80bae8afd1e350000a15daea15f3e96464dd3e9c713d;254,NO,199.000,0.135,0.865
1748634297,poly,7aeff525eb67085e66a213803c3e6901213876f96a3ba7c813c0953e44a50d12;219,YES,13.000,0.131,0.869
1748634297,poly,7aeff525eb67085e66a213803c3e6901213876f96a3ba7c813c0953e44a50d12;222,YES,4.000,0.131,0.869
1748634297,poly,a7238a1cb582c61b7091ab17138b5fa10ae2711b317de35fc3a13b3f2af8bc18;204,NO,6.000,0.131,0.869
1748634297,poly,a7238a1cb582c61b7091ab17138b5fa10ae2711b317de35fc3a13b3f2af8bc18;207,YES,41.000,0.131,0.869
1748634297,poly,a7238a1cb582c61b7091ab17138b5fa10ae2711b317de35fc3a13b3f2af8bc18;210,YES,35.000,0.131,0.869
1748634403,kalshi,4a2aa55c-2da1-4096-924b-7bfae94c0535,yes,25.000,0.150,0.850
1748634407,poly,15480ee6ab0cdc50f85f1da43e30ed34de1e2dfd104dad44e4ddead00efd97ca;375,NO,22.000,0.130,0.870
1748634407,poly,15480ee6ab0cdc50f85f1da43e30ed34de1e2dfd104dad44e4ddead00efd97ca;378,YES,3.000,0.134,0.866
1748634630,kalshi,7070db31-e954-4177-9c9b-efa66d45e9cc,yes,31.000,0.150,0.850
1748634633,poly,8847a113fbf6b46a00ee0933d458b06ca60a3f4d52f2982e320ae900f5230dd5;718,YES,25.000,0.131,0.869
1748634633,poly,8847a113fbf6b46a00ee0933d458b06ca60a3f4d52f2982e320ae900f5230dd5;732,NO,5.000,0.132,0.868
1748635105,poly,bca2340b0bde942fb983d23ddc6a0a2ec50ece5bb26dfe987f9c888ecff26a27;175,YES,200.000,0.134,0.866
1748635140,kalshi,992605b0-29c1-4399-a1e1-b4b127b64b85,yes,44.000,0.150,0.850
1748635140,kalshi,9c3f8ddb-1c3a-4c9b-94aa-4250e07ded56,yes,18.000,0.150,0.850
1748635147,poly,651c1d2825db7865db4d44b0fc2a6631f80a1f565c63dc02fae8107655dc18f0;511,YES,18.000,0.134,0.866
1748635147,poly,c5e8f4dfdbae183a539a53ef1e4d4cbb628f36143ebbf4c6151cb92915140d9d;520,YES,44.000,0.134,0.866
1748635164,kalshi,41919a57-576f-4db1-9ad9-324e5b98a032,yes,62.000,0.150,0.850
1748635164,kalshi,49f8757f-78e0-4f89-bb97-d72d054b6ef4,yes,187.000,0.150,0.850
1748635164,kalshi,732732ba-c4ae-4ecd-b9b7-3681031619d5,yes,31.000,0.150,0.850
1748635164,kalshi,7a864320-dd5b-4e44-97fa-7a5d53a904a4,yes,7.000,0.150,0.850
1748635164,kalshi,dc67f64c-2b6f-48cd-a566-c017042ef154,yes,27.000,0.150,0.850
1748635169,poly,37da8b5d774a759ac4cfd442d927f9f95812e4da0372fa312ce2fe81b2e159e4;446,YES,23.000,0.134,0.866
1748635169,poly,37da8b5d774a759ac4cfd442d927f9f95812e4da0372fa312ce2fe81b2e159e4;460,NO,8.000,0.135,0.865
1748635169,poly,b13e118f54b4c4ac0ae2d661fdd73aa0713f9f39d49ecf78b2911763cdf04059;437,YES,62.000,0.134,0.866
1748635169,poly,ec5cb2b7bd7bbb3627ab8fb96bd38f77960993e2da5841a68e1f864d8167177c;480,NO,27.000,0.135,0.865
1748636629,kalshi,8a737faf-bb2e-40b2-b8a0-bbcd7975eccb,yes,62.000,0.150,0.850
1748636633,poly,344ee5164bca0bb39993a48e8d6e3454558834a2017e29b697c196c135127f33;309,YES,62.000,0.135,0.865
1748636891,poly,a533fc3a8a8be08cd94466d32a54e276477a694f9e313616f53bc1f7cebf1f42;508,YES,123.000,0.135,0.865
1748636891,poly,a533fc3a8a8be08cd94466d32a54e276477a694f9e313616f53bc1f7cebf1f42;522,NO,22.000,0.135,0.865
1748636891,poly,a533fc3a8a8be08cd94466d32a54e276477a694f9e313616f53bc1f7cebf1f42;525,YES,21.000,0.135,0.865
1748636891,poly,a533fc3a8a8be08cd94466d32a54e276477a694f9e313616f53bc1f7cebf1f42;539,NO,28.000,0.135,0.865
1748636974,kalshi,97292425-f610-4613-8069-891f0cf9069b,yes,254.000,0.160,0.840
1748636974,kalshi,b4fa6c77-b845-4258-a585-2ea59e88b5a4,yes,100.000,0.160,0.840
1748636979,poly,b21a5f7195b36739932781ec77975acffeab68b873847a4a8454094a8ea7552f;403,NO,81.000,0.136,0.864
1748636979,poly,b21a5f7195b36739932781ec77975acffeab68b873847a4a8454094a8ea7552f;417,NO,18.000,0.137,0.863
1748637163,poly,6af3cf9f67104cb318b02062477ad9282f39b1f58ecc6e7db3588959d1ecb8ff;936,NO,94.000,0.135,0.865
1748645853,kalshi,11e059f5-7bd4-4225-9d12-5acf441fad7d,yes,246.000,0.160,0.840
1748645853,kalshi,85b1944b-95de-4f14-97ff-9355701881a6,yes,762.000,0.160,0.840
1748645853,kalshi,8a1669b2-6bb7-457d-a590-33b687d5b558,yes,500.000,0.160,0.840
1748645858,poly,dffb7bbeec94cdf45007e7356411da48fb738b0312ce15707d6f7cabd682e30b;528,NO,75.000,0.137,0.863
1748645858,poly,dffb7bbeec94cdf45007e7356411da48fb738b0312ce15707d6f7cabd682e30b;542,NO,60.000,0.137,0.863
1748645858,poly,dffb7bbeec94cdf45007e7356411da48fb738b0312ce15707d6f7cabd682e30b;556,NO,80.000,0.137,0.863
1748645858,poly,dffb7bbeec94cdf45007e7356411da48fb738b0312ce15707d6f7cabd682e30b;570,NO,90.000,0.137,0.863
1748645858,poly,dffb7bbeec94cdf45007e7356411da48fb738b0312ce15707d6f7cabd682e30b;584,NO,7.000,0.137,0.863
1748645858,poly,dffb7bbeec94cdf45007e7356411da48fb738b0312ce15707d6f7cabd682e30b;598,NO,140.000,0.137,0.863
1748645858,poly,dffb7bbeec94cdf45007e7356411da48fb738b0312ce15707d6f7cabd682e30b;612,NO,309.000,0.137,0.863
1748645862,poly,65c11f616cda469228ec7d979902fef5977bc4bbf2f53bc2efab8faf7bfbcffd;602,NO,100.000,0.138,0.862
1748645938,poly,fc6aa45292a81a773bef3c819d8073a507ad50d1089f3c126a446480314962a3;408,NO,197.000,0.137,0.863
1748651761,kalshi,9390001a-61c7-4b43-9ed0-b8c6958981bb,yes,100.000,0.160,0.840
1748651766,poly,c839993d834867afbf8ab41f04b7f7322e9ea5d522cb82a82fa18b4134a33793;329,YES,100.000,0.139,0.861
1748654460,poly,e784779014cd504d5e61a1fc2aa604ff9077a389633db0b292852efde5f1de96;1197,YES,588.000,0.139,0.861
1748654556,kalshi,5314b6a6-316c-4f2b-8a9a-b537477a9ffe,yes,236.000,0.160,0.840
1748660215,kalshi,0b4b5a8d-3e0e-42cb-9230-7a02ac68eb1b,yes,85.000,0.170,0.830
1748660215,kalshi,95b387f2-ccf6-4b4b-a8b2-ed1174d59c5a,yes,53.000,0.170,0.830
1748660374,poly,825806f95c45d55b0e2ebe8f313dde22c9769ae36c49ea580af24cdd4b13dc81;528,NO,100.000,0.148,0.852
1748660558,kalshi,50cbd3f9-e64d-4027-9fb1-3f3a28cd2910,yes,97.000,0.170,0.830
1748660558,kalshi,cda68bd2-b9bd-40af-9342-397e9dd5d8f8,yes,447.000,0.170,0.830
1748660694,poly,e5817c0f25312c348e727f8155b032234154005aebb31aab7b9856f8a1c230b3;1634,NO,100.000,0.148,0.852
1748660694,poly,e5817c0f25312c348e727f8155b032234154005aebb31aab7b9856f8a1c230b3;1648,NO,170.000,0.148,0.852
1748663736,kalshi,a22713f0-1300-44cc-a7ab-457b24e7e1ef,yes,155.000,0.170,0.830
1748663868,poly,6430ce47350d5bcbd4476f4494f6f6ba837e915289804cdfc71cc7bc7e510100;263,YES,127.000,0.148,0.852
1748665696,kalshi,a3fa1e06-44e0-4c5a-bdb6-8b87d88f7822,yes,111.000,0.170,0.830
1748665778,poly,c80caf8e2cf39944dab9b5c02cf8877be5427711817c778128121bb738bb50e6;637,YES,150.000,0.149,0.851
1748666063,kalshi,c4e301eb-e732-49f8-b423-4d4c43670fe1,no,2.000,0.150,0.850
1748666636,poly,e01a4b893430f548a5877a9de3fc484f36609b1090aa321c3b5ad221ec65d116;384,NO,200.000,0.149,0.851
1748666797,kalshi,157a48c6-eca1-4be2-ab6c-8bd295c6635e,no,128.000,0.150,0.850
1748666797,kalshi,a172bf1b-3665-4ae2-a9f5-e891d1e21417,no,69.000,0.150,0.850
1748666797,kalshi,a64e3173-6825-4c0e-a912-4a5749c9848d,no,150.000,0.150,0.850
1748667616,kalshi,0674c4cc-f0f1-46c0-bb71-a4c2af091964,yes,64.000,0.170,0.830
1748667616,kalshi,7ea66346-7631-4a11-b944-2d33174fe46f,yes,119.000,0.160,0.840
1748667616,kalshi,c00f358a-7971-4252-82bd-ad0f70c6ff72,yes,100.000,0.170,0.830
1748667622,poly,a12d86941c81baaa0313bc8c355258a2662ff757e22aeddf7216a98747204654;981,NO,100.000,0.150,0.850
1748667622,poly,efd817252268a7f04c14390ca5b8d7fd2b761eff27fe456c20e6c6b1bae29d7c;887,NO,100.000,0.149,0.851
1748667910,kalshi,4861a4cd-39d2-4778-8e44-f5966258bcd9,yes,4.000,0.170,0.830
1748668090,poly,f1003aaee2423b3dfa6e6d417b1aa3efc6d95c031ced7e1dcf1fa2b4f9b0e65d;639,NO,6.000,0.149,0.851
1748670663,kalshi,390a41b3-725a-439a-9843-f7a25c85a6d4,yes,88.000,0.180,0.820
1748670663,kalshi,6e1facf4-ae09-4419-a147-645b92a121d8,yes,1252.000,0.170,0.830
1748670663,kalshi,9be026ba-c6f3-4f9a-9dbb-9ec2ec89f578,yes,205.000,0.180,0.820
1748670672,poly,1ce4870f9fffda5ea6416487999e3995f6cf3763840ec21b1fb38e1b910fffc3;705,NO,904.000,0.150,0.850
1748670672,poly,1ce4870f9fffda5ea6416487999e3995f6cf3763840ec21b1fb38e1b910fffc3;719,NO,200.000,0.150,0.850
1748670672,poly,1ce4870f9fffda5ea6416487999e3995f6cf3763840ec21b1fb38e1b910fffc3;733,NO,40.000,0.150,0.850
1748670672,poly,1ce4870f9fffda5ea6416487999e3995f6cf3763840ec21b1fb38e1b910fffc3;747,NO,8.000,0.150,0.850
1748670672,poly,1ce4870f9fffda5ea6416487999e3995f6cf3763840ec21b1fb38e1b910fffc3;750,YES,99.000,0.151,0.849
1748670672,poly,494c2ac42e141d4825f57c44fd9ec6f2ef1e6f5022d83d9486b4d207d63cb406;685,NO,100.000,0.150,0.850
1748671943,kalshi,d59c9738-9610-4226-be41-f7b41ed68730,yes,5.000,0.170,0.830
1748671949,poly,c5c12e2bccf073a7c4c63bd41af565ab222cdf7586941b4838c6b740247dc262;275,YES,5.000,0.151,0.849
