timestamp,market,trade_id,side,size,yes_price,no_price
1737582234,poly,0xb2ddfe17634eca28ce99a072359bb85978e7a828b6bbf944965df4e764d33aa5_0x0a364c4a408de399c33fda2291fe8f1d1563647a36c03bb9bc19bfa96822f1d1,SELL,50.000,0.090,0.910
1737582269,kalshi,d3230d38-e058-4006-ae17-f5ee8f367e08,yes,55.000,0.070,0.930
1737823959,kalshi,fc688f37-5c68-46e4-8954-9a6a2ba08be8,yes,6.000,0.080,0.920
1737823959,kalshi,8071db7c-1ddb-4659-b639-8fbaaf3aebff,yes,7.000,0.080,0.920
1737823959,kalshi,4fc95555-f5a5-46e7-83a0-5bd3f161e324,yes,528.000,0.080,0.920
1737824127,poly,0xf57c1f0024536feff29a7a05883259e402c589047818933b63d49eb637954251_0x439c00f20a413123f8bcd16c129f60f39cff3902e3d545dccd231de8568baf45,SELL,549.000,0.091,0.909
1737944369,kalshi,eeff9209-ab4e-42a3-a565-5adb91c99a6f,yes,50.000,0.060,0.940
1737944369,kalshi,ea61d5d0-b6f7-45bb-87d6-70ce0a6e23ad,yes,10.000,0.060,0.940
1737944379,poly,0x6d4ea3d2f06e672d475a821a6c883e3dc5b6ddede4badae21ef51ab9a360e8aa_0x877df3e09c97b588c9a3f066d60e63c3941adceddcb948f5e5db4edf7827aa8b,SELL,40.000,0.082,0.918
1737944379,poly,0x6d4ea3d2f06e672d475a821a6c883e3dc5b6ddede4badae21ef51ab9a360e8aa_0x45c9d88955816e6c8f8dbc0c506ea09e2ab6641f261983217a83412f4d1bd062,SELL,20.000,0.082,0.918
1739854263,kalshi,8b87a61e-6949-4642-ab6e-2bf8dc2fa915,yes,285.000,0.040,0.960
1739854331,poly,0xcf1264f34c91a9522ee67fce1971f4c6236100c94089a7c7938344e119bc6445_0xc80a4de4187df4946010a8160a160e5d0f8a074ef8764352e5ca0efa93b9b5cb,BUY,1.000,0.051,0.949
1740352184,kalshi,84b200ce-bf5b-407f-bbaa-5b97224de77b,no,60.000,0.060,0.940
1740352198,poly,0xdb980834dbaf2926d94f6db88840fc9a091bc9f916829ad396e200b9e599eb9f_0xe123c747e8aeda94cbc7a4755ed8b9405391cfbecff76d1d6f4e78818edd192e,SELL,34.000,0.055,0.945
1740352198,poly,0xdb980834dbaf2926d94f6db88840fc9a091bc9f916829ad396e200b9e599eb9f_0xf3adb07cc93356dc784e349d743fbd98fa5bb70fbdcbe46933e4f9ba6e37df90,BUY,26.000,0.055,0.945
1740488397,poly,0x3c03c2802926711cc80685df47b2b1421cd0b194bd39baa24e1c18e536e2081b_0x9f588d3eb16992126e48de8a69f531acedbad383c5beca1df8ecd95b1d945a73,BUY,110.000,0.057,0.943
1740488626,kalshi,a121d089-2943-4535-abd5-b81afdf05612,yes,500.000,0.070,0.930
1740492762,poly,0x827a51d20a874bd4fad99084649880c87124516616b8400aeccc9ba4b426de05_0x83b7f19f8db6360560d922a8c77b48eb817125fb8bf5865312c3382d4a902974,SELL,70021.000,0.061,0.939
1740492919,kalshi,8b7d698d-bf76-42ff-8b60-5b89014272f9,no,25.000,0.060,0.940
1740492986,kalshi,ad1b7c48-b14f-485f-8634-8d1f9ddb724a,yes,2.000,0.070,0.930
1740503452,kalshi,25f81671-42b6-4bbb-8ec0-ecb0a7dd3da3,yes,1944.000,0.070,0.930
1740503728,poly,0xbaeb098cb9c041bdb433d0955f0fe610a69a25c8372ed41a7a94f7fffa818f41_0x8a6f4548522d3d32bd8e2e82b6215db3f9d83e5a832688a1601983037f100160,BUY,25.000,0.069,0.931
1741809290,kalshi,d10d2d58-1d71-4a8f-8ddf-776c58c1102c,yes,207.000,0.070,0.930
1741809297,poly,0x132871f1cae18e9d6debd7fde4e2bb58beac4e8aa378d3f975a9475f2a9534d9_0x48c3860c87fd9e1d45dbfa1a26b8acbda577f2925c55c013c7a5fc6ef8b3e2b6,BUY,207.000,0.097,0.903
1741813520,kalshi,8e243338-974e-426f-a4d9-aad81d3b005a,yes,12.000,0.070,0.930
1741813525,poly,0xe94fb4c78cb404258ed1d7342a106a99b6b7fd7d00d560f13a6297ef01895e45_0xfbbb9086098e1d4294316ce9d27a7396c1aa3d8df08792b7679f936fe87cfe56,BUY,12.000,0.096,0.904
1741813643,kalshi,abea0157-37ac-47c0-ad5c-1559f34bc5ea,yes,23.000,0.070,0.930
1741813647,poly,0x0d415d8f84a966d323a3300b84cc35ec5bd64a35e56a1e956317844537d43c27_0x1b6e2c606334e3d2483d0608f64a2dddf3479fd2c4550b7d14c12f854684ad20,SELL,8.000,0.095,0.905
1741813647,poly,0x0d415d8f84a966d323a3300b84cc35ec5bd64a35e56a1e956317844537d43c27_0x10c8d3f44b43cbef88fd1693cc6fc6cd3e7f406eafc14f83b6f53450cb28655b,BUY,15.000,0.097,0.903
1741826468,poly,0xb59da2375b96fa003f622bceb67b857fd844e668f0ccae4ceb7db96a27326f69_0xe2a52c0c61970814bb3863468fae2de34314f103815889c0dcc6e57c513c090e,SELL,3.000,0.097,0.903
1741826747,kalshi,3e693349-4d69-446a-a6ad-b1a6b8d90e57,yes,78.000,0.070,0.930
1741826752,poly,0xec2701b554f5bbc29e77bba509a2b680807abb414ae8727b351ec0fa6277d84c_0xd467ca2f5369adb49d66790740cf974bdb17a9bbe8cd504a26b34bc979d129ba,SELL,41.000,0.096,0.904
1741826752,poly,0xec2701b554f5bbc29e77bba509a2b680807abb414ae8727b351ec0fa6277d84c_0x8f8fa01dcdda796b670fc48bb864e1f1a5dc0fd1d3e7dbd696754085ab4d350a,BUY,36.000,0.097,0.903
1741827020,kalshi,446664be-9ffb-4d9b-9baa-28cb327df2dc,yes,737.000,0.070,0.930
1741881275,poly,0x2b1296ccd75dca2369a0b445f26c0f1dbc85549fa58262dd169e032ea85a21cc_0x01b8aaa1c4990f92a9e4e6a8d2f4552dbd9305e169f48690d78924abe296b155,BUY,50.000,0.144,0.856
1741881279,poly,0xab4b64b34d0313e84acb170862f4612fe48800c8f8773d9a6ff279ee420faf01_0x78918aae46a7b8c114cbe3339cbafe12c4ec142080eaeba1a2e999f8023d8684,SELL,50.000,0.145,0.855
1741881389,kalshi,666e65c5-86a1-4be7-b629-cc7be5ba34b5,yes,963.000,0.100,0.900
1741882109,kalshi,3d40b80b-448a-4579-a281-c65492b50bc8,yes,500.000,0.110,0.890
1741882109,kalshi,0aa4450a-d53c-41f6-992a-0100719fd590,yes,3300.000,0.110,0.890
1741882113,poly,0xcf1d15ad29192c81206558403d257316874947a6915f118cc872a84a01ee1386_0x02a4c8cd4602c4eba41e0188602c30d2b104072fb38cda134409cfe47c67e0cb,BUY,3800.000,0.144,0.856
1741882141,kalshi,8d7ae6c4-a10e-4ca0-974c-ee1d3fed38bd,yes,2038.000,0.110,0.890
1741882141,kalshi,008ba8c3-0d57-4f84-91fd-e2404c356a7e,yes,162.000,0.100,0.900
1741882145,poly,0xf8733833a3203223e15500d64fdee77ac13da96cd60cd17550541a27f3fb132d_0x02a4c8cd4602c4eba41e0188602c30d2b104072fb38cda134409cfe47c67e0cb,BUY,2200.000,0.144,0.856
1741891465,kalshi,9be74b55-f1e4-45c9-beb8-213274944cd4,yes,9.000,0.100,0.900
1741891465,kalshi,47f4b75f-c56c-43cb-b536-90e9412cbf8b,yes,2349.000,0.110,0.890
1741891468,poly,0x0806a318a0fa6c629f83a28338b094dd2c29026231289bdbc6174a3e9f969f19_0x0cbf52cecb38d39074f1ffbf7af18aa67c5b515531ca64e2a5723868ad82cf98,BUY,2358.000,0.137,0.863
1741892124,kalshi,a4c8637c-eead-4dca-ba9f-1dd94b835fd5,yes,10.000,0.100,0.900
1741892130,poly,0xb242ba557bfa8534b91265a826a64746c522869309c37bc33e39be897b77f03c_0x24d1dbc469bc52579fdc6ae0a240dbf0a1be3c990385291878c8eeba4faa8d30,BUY,10.000,0.127,0.873
1741892163,kalshi,d73c025b-5793-4e7b-b4b3-94477271f907,yes,148.000,0.100,0.900
1741892166,poly,0x3406830d38fd5a7e93fb657f682a58f64f4351361d408c15014622b801dcf779_0x948cde0bf179280b0d8b18fcb32126349d37bd302594ea20ba847ab27f0013b1,BUY,99.000,0.127,0.873
1741892166,poly,0x3406830d38fd5a7e93fb657f682a58f64f4351361d408c15014622b801dcf779_0x24d1dbc469bc52579fdc6ae0a240dbf0a1be3c990385291878c8eeba4faa8d30,BUY,48.000,0.127,0.873
1741892245,kalshi,ae2ff6ea-b99b-4a1b-b4a9-84c706fe1f22,yes,25.000,0.100,0.900
1741892245,kalshi,5a7f1599-62cb-46a4-82ee-376041f03fa6,yes,33.000,0.100,0.900
1741892250,poly,0xa0e00b9991ae1a5eb412b1fcff2b4abe16fe80352955a83fe6122bb6afa4d986_0x6fd9f6522209992a1c376a963a1a4e04f27128579011d60b8e3dc3c1597d402d,BUY,58.000,0.127,0.873
1741892260,kalshi,735d0686-7e24-4f68-89a0-a76c3f7c1418,yes,58.000,0.100,0.900
1741892266,poly,0x7de6833835e46e12b37243d9b034bff4029a7fcc9d5197b403608cfcf9a4fb13_0x25c683d899381add3c50fdc14603bba0bdaf1b490f381af0a4572fe7d678b235,BUY,57.000,0.127,0.873
1741892432,kalshi,a1cd38c2-091c-4157-9f61-a45f283ee087,yes,58.000,0.100,0.900
1741892438,poly,0x367fcc09e3bab3b517eea214fbe8ff76d7139a1f6638beaa91ae7635f0e625d7_0xff8122342ae1a4b9a2f9c24923d4dff0c5d75011f61f3036d28a477b94a6a536,BUY,58.000,0.127,0.873
1741892448,kalshi,1aa50da3-a48a-4550-bc06-d24a51064711,yes,153.000,0.100,0.900
1741892452,poly,0xc7439ad0803600c97f7ebbdaa3900a35fbcaa0a0d5f4c4670586af8cdb236787_0xac888d0bcc0c91479fd51dafba6921d53aaabcde561b7a4e06d52a66dbde480a,BUY,94.000,0.127,0.873
1741892452,poly,0xc7439ad0803600c97f7ebbdaa3900a35fbcaa0a0d5f4c4670586af8cdb236787_0xac74e64cfa6a63984aacfcb1b6d4982885a94370cf75958058da9db2f60db322,BUY,58.000,0.127,0.873
1741892869,kalshi,a712ed9e-f765-4381-b09c-bf58be2c89fa,no,2.000,0.090,0.910
1741893002,kalshi,4e093d50-9554-4d6e-aab2-a96ce252b633,yes,39.000,0.100,0.900
1741893006,poly,0x702e76e0c4205c65e943bb330d8c2a47fb2c4f59ed9d2decd85bc780d0de8cfe_0x03476259fe52354020610c59324a024e4f2a3a42dedacec95cd15d5b1fc8fe1b,SELL,39.000,0.127,0.873
1741918407,kalshi,53814b53-c0f9-4d4b-afbe-d96d91bde717,yes,88.000,0.100,0.900
1741918412,poly,0xde4827d15e48512411f183011be88fa4a327dc2e0ec1f238e041f735d44c7ad3_0x8604b3cb9e25db883f0486249a6363058951759b96130f72cf71e2f820c1d915,BUY,88.000,0.127,0.873
1741918771,kalshi,eec385ad-d32b-4c08-93a5-c1b4328b5b79,yes,172.000,0.100,0.900
1741918774,poly,0x075fec9cf0a9b036e885d36f0809e77661d4a21327fe601ea43c63d4b3b6a3e1_0x2493d8ea938ed5e217e671ed5b095ac5e1d66b9ba80373c2cae0e8cf81c73d1e,BUY,172.000,0.127,0.873
1741919076,kalshi,cb8da960-93d7-499e-afc3-524e45377725,yes,48.000,0.110,0.890
1741919076,kalshi,bbbe6f2b-7937-4451-9fea-486d2f53bf30,yes,97.000,0.110,0.890
1741919076,kalshi,9dbac6ce-e2f2-438c-9086-a97eaade5387,yes,27.000,0.110,0.890
1741919080,poly,0xa6be390dd7ebbc92997d715fb35c8804c1cdccb3c97ead9b7ee1eac4468c5bfe_0x3d01bb10d57242e1418f5c0ec7c8d773446386dc1c4298b8553f45387fef8361,BUY,104.000,0.127,0.873
1741919080,poly,0xa6be390dd7ebbc92997d715fb35c8804c1cdccb3c97ead9b7ee1eac4468c5bfe_0x2493d8ea938ed5e217e671ed5b095ac5e1d66b9ba80373c2cae0e8cf81c73d1e,BUY,68.000,0.127,0.873
1741968013,kalshi,a29006b8-06eb-47c5-810e-00e48ae670ee,yes,10.000,0.100,0.900
1741968013,kalshi,78e0a469-2dd4-4179-9733-70a955119e9a,yes,250.000,0.100,0.900
1741968021,poly,0x68ebefd91ca48ec56d63fa10d7f29004c902367560c49cd8cfedfcb9cd247f11_0xf185d3baf1149a658aa80c18aad83d04ab25e29f5fc23e8816ad9eed4a6ecf26,SELL,37.000,0.129,0.871
1741968021,poly,0x68ebefd91ca48ec56d63fa10d7f29004c902367560c49cd8cfedfcb9cd247f11_0xec95739889f63b5dc2a20c0d0256eadc15aeac4550756579277f64c8a81227f6,SELL,20.000,0.131,0.869
1741968021,poly,0x68ebefd91ca48ec56d63fa10d7f29004c902367560c49cd8cfedfcb9cd247f11_0x9c8ff9636a970445e50f7febe5e6bb863cf3d3328fa91ab4e27db1d01f830e7f,SELL,20.000,0.131,0.869
1741968021,poly,0x68ebefd91ca48ec56d63fa10d7f29004c902367560c49cd8cfedfcb9cd247f11_0x9371528bb56e5199eeca85ad698dd3e0c866a574a11ba8070543d2c158c5daa4,SELL,20.000,0.130,0.870
1741968021,poly,0x68ebefd91ca48ec56d63fa10d7f29004c902367560c49cd8cfedfcb9cd247f11_0x8b5a885cffb586f33fa6ca00fa479c9d9319e96b1daeb4cf00f37cfbbb009d98,SELL,32.000,0.129,0.871
1741968021,poly,0x68ebefd91ca48ec56d63fa10d7f29004c902367560c49cd8cfedfcb9cd247f11_0x89a1e94a7bde6b77a58f665d918cc1aa0074dbeff7a5c848bb659e0c102dda74,SELL,20.000,0.131,0.869
1741968021,poly,0x68ebefd91ca48ec56d63fa10d7f29004c902367560c49cd8cfedfcb9cd247f11_0x847fa738d3abea8e8fcbe17cb3d52269589d5cb232b62dc9216a67ad42c2fbe1,SELL,20.000,0.131,0.869
1741968021,poly,0x68ebefd91ca48ec56d63fa10d7f29004c902367560c49cd8cfedfcb9cd247f11_0x0f214ae6fd5aea3d91b37d2fee9e8e408b39557b53ab1f328b867b050eef0eff,SELL,37.000,0.129,0.871
1741968021,poly,0x68ebefd91ca48ec56d63fa10d7f29004c902367560c49cd8cfedfcb9cd247f11_0x03a1b117f6da6faf6049ce72f359076c17c474a340a974591ee6927c7ffc2a81,SELL,52.000,0.129,0.871
1742020688,kalshi,51a4d71b-a333-4351-9415-754ada3a621e,yes,10.000,0.100,0.900
1742020692,poly,0x76860a033a40093d7720ad03449b47bf6db323a0f520c13fb8122624da7c9d41_0x68bddaed26ca2cafb5ea81fc029bf0c6beabaea945ec649516f8d0dbabaf010f,BUY,10.000,0.127,0.873
1742079012,kalshi,a0ae8a1f-5579-45f4-bb77-0824065defcb,yes,25.000,0.100,0.900
1742079012,kalshi,59f6443c-137f-4318-8766-efd698efa2ee,yes,6.000,0.100,0.900
1742079018,poly,0xca74f82a9ab19a5833f23f89f9207b28ae5e32ed241a446e02e1a5eddc968b88_0xcc1448bb79ab9073dbf3b2b6f7d94deca95265340e6245dc7f25262521c2c37f,SELL,11.000,0.136,0.864
1742079018,poly,0xca74f82a9ab19a5833f23f89f9207b28ae5e32ed241a446e02e1a5eddc968b88_0xb3f230c8ae21095549e177e624b89dc77a9a5363c46d12f83c392903a4e7cc2d,SELL,20.000,0.137,0.863
1742082305,kalshi,01ea4718-b136-4ed5-ab63-74160ae5b2c6,yes,10.000,0.100,0.900
1742082309,poly,0xdfc28e80cdeeac53db0fe37478005dd221a6bbfef26c8c7fb8ffdce5b4f34ad3_0x4bef738be8bb53736703f920fc8b2bde637ff94d7fe7d0fd9119ce05f2373484,SELL,10.000,0.129,0.871
1742086429,kalshi,a21e4080-39f9-4681-9e16-ec6135031214,yes,20.000,0.100,0.900
1742086433,poly,0x63169d2e62cfbd460f76e6277b90cc0646e4070debb58417a9c07823a0ee6fb2_0xc6149bca78de67d85d850417a23e73ab1d0a8de58b4a648bdc8c008afafa6be4,SELL,20.000,0.127,0.873
1742086458,kalshi,b0df6d35-9eff-44a3-80de-e13afdde6899,yes,159.000,0.100,0.900
1742086461,poly,0xfcea0718571f4c7ab3ae10585ed1ab19a30caa460b9467a9bd00a975cae710cd_0x368d5737393a6a3aa063c1d2224e8638049e03b1437ee7a1720f361e22e485a4,SELL,59.000,0.128,0.872
1742086461,poly,0xfcea0718571f4c7ab3ae10585ed1ab19a30caa460b9467a9bd00a975cae710cd_0x64aa5da9f23b2a5f0aa450967fc1e13f97ce94ade1d0065c27a70f25e9de776d,BUY,99.000,0.128,0.872
1742089885,kalshi,6591b600-5e27-4d38-84a0-f4398527bd14,yes,20.000,0.100,0.900
1742089888,poly,0x7d35ba71dbb9b9ff55e2285ebeb29b00d3159ccc976e66b2d3ce81d2c0556178_0x9d6dcb300aac49bb3ca968dba53b10549acd315b59dcc96cc49e7ed69741a299,SELL,20.000,0.127,0.873
1742090784,kalshi,d0d060b0-1dad-40be-9ad5-eca531422c93,yes,20.000,0.100,0.900
1742090787,poly,0x3146c0c8fb81206b730ccff158ebb7732847a4a08727448d6453573bf73364df_0x481124392e8ea7e3cf800a42ad29a1aa48c92ae6dbc43dbf499084106f74de30,SELL,20.000,0.127,0.873
1742235675,poly,0xfdf025385b038cde894878f78821b21004de90436e65c225af2ebb6127bff362_0xb685b5166425ffc7ed0d2b6cda53376099abe405ca794b021ee906f99428842b,BUY,7.000,0.139,0.861
1742235787,kalshi,27a6bcbf-9e24-4271-add2-401f7d85d7e2,yes,729.000,0.100,0.900
1742235787,poly,0x1e8ff1561f71054a3442574c4419c2a35ff39d45ea95c1c6346f6934104f0aaa_0x3efee84b2737550ea39c863331352ce17253adaedf675036f6a3ec94f6c23077,SELL,53.000,0.125,0.875
1742235787,poly,0x1e8ff1561f71054a3442574c4419c2a35ff39d45ea95c1c6346f6934104f0aaa_0x9082cdd82226b1f68cbe17de92c59e8bfaef0af68fb6b8579ec5ef1c206ff13a,BUY,626.000,0.120,0.880
1742235787,poly,0x1e8ff1561f71054a3442574c4419c2a35ff39d45ea95c1c6346f6934104f0aaa_0x8b9eeaf9e48b1b61c8b40cb7b299feafd7372bbbf74a5ca313470d73d509a903,BUY,50.000,0.120,0.880
1742347518,kalshi,9a138431-c713-4270-ac8a-69bfb588b8fe,no,136.000,0.100,0.900
1742347608,poly,0x0fbe42192294d0a2ced8ea3fb0558986a7395eb25d216a27442d42ea2c48e227_0x6ed34ee5cdb5d3a793ba5feb7132faad764316c031dc2ec2f264c5b8aa0132fc,SELL,1.000,0.125,0.875
1742400222,poly,0xef9375b8fc32bd36a80dec9d0369a09a995ab3eb91264555c141f8a06db55e32_0x47f998910d6e792e30709b5f154628f541db6ca7b20333e9ea33b0f95edd1e16,BUY,14.000,0.103,0.897
1742400269,kalshi,fee5587e-ecd8-417b-8461-eae86aa8b4c8,yes,10.000,0.110,0.890
1742400362,kalshi,2644867b-ff82-40b0-acdf-d6f47636d042,yes,100.000,0.110,0.890
1742576320,kalshi,566edca6-1910-429a-81d1-219738af5e22,no,80.000,0.100,0.900
1742576327,poly,0x799d21f4f443356817979cd6a146f19dcad111a459efc60e3a1ee73017af858c_0xc937889407e81fe5140fbbd35e38c634216b62db0c833c3d36207f56b2d08c89,SELL,50.000,0.094,0.906
1742576327,poly,0x799d21f4f443356817979cd6a146f19dcad111a459efc60e3a1ee73017af858c_0x7041c492c010f5df2a6b0551f4f8b57e9c233c8c73b6ce9037f84371b602a830,SELL,20.000,0.093,0.907
1742576327,poly,0x799d21f4f443356817979cd6a146f19dcad111a459efc60e3a1ee73017af858c_0xd5d877ab0b91399ecf6df200551b2e245c68089db9dff0c067bb04e6397adc28,BUY,10.000,0.093,0.907
1742658388,poly,0x23661c834801c0f19974e3fb2d1d1298a577ffea1ec9e2a63eb86b3209050396_0x3c1530bf0827c69848b2eb6607c40ad7a43c5f5f8dc80fd15b4c059a359450ae,SELL,22.000,0.097,0.903
1742658628,kalshi,95cca922-c844-427f-9904-9985bdb32f51,yes,47.000,0.110,0.890
1742664638,poly,0xcc8917856ad8b26b3ae4bd993e0144c335e19c50160bf0627a24b6b7aea8f8e3_0xa4760d87ffe1a13385aff53cae3d6581866474b170ca9ae468a7aa6cd0922ee8,SELL,10.000,0.087,0.913
1742664638,poly,0xcc8917856ad8b26b3ae4bd993e0144c335e19c50160bf0627a24b6b7aea8f8e3_0x8d6d294a18461f00a214af17ff83b4909f7cee40a9e02eda5e4db10087fa52e2,SELL,10.000,0.090,0.910
1742664761,kalshi,922ee016-3fcb-455c-85b2-f7acf2eeff55,no,55.000,0.100,0.900
1742931306,poly,0x3e43f444abe6eb8ad8e3d0cf7b8a72afffc927ef7e3c2e3529fb9b4ee09f195a_0x4be5ac711cd62d85a3ca50ca0f0caac1d2a8e8ee1964499fe6d19061b63a44ad,BUY,20.000,0.102,0.898
1742931463,kalshi,854ec0b1-36e6-46b5-83ec-a2d5e831d7cb,yes,1.000,0.110,0.890
1742931472,kalshi,bfd066c1-3b09-4227-89d2-166188650cd2,no,1.000,0.090,0.910
1742931835,kalshi,ff024555-e26e-47b9-8076-255bc2287805,yes,4.000,0.110,0.890
1742931848,poly,0x17f1f8560a59d4c2ca878e337e807f338ea89c4a8281c8f7762cd3474d9e34dc_0x903b9544da40f91fbe6c3ff3fc7b0c346e9ddbac9a2f9045d261d2b3cc1af0eb,BUY,14.000,0.130,0.870
1743002781,poly,0x406e7b77aefc74dc74e62e3a0631b1699265c6d76857c515e9626050b75cceb3_0xc62c1a160915f32b35331f2c8f3b49991eac8bcb0ee7b79becda6a9c02b9b7a2,BUY,16.000,0.119,0.881
1743002916,kalshi,4682e8cb-200e-42aa-ab12-3d9cfa3758ea,yes,401.000,0.110,0.890
1743006377,kalshi,12ed7ec1-e20b-484e-9192-7d4e96630e8f,yes,30.000,0.110,0.890
1743006611,poly,0x54323f7ed02f8774f65c3d0be3d9498aee60551e79630927e2515194d3687ce6_0x758213b7871d52ea102d9257ac37119e247bc9cbf6456589522e240e5a5b88d9,BUY,50.000,0.118,0.882
1743119680,poly,0xd359b45a4010018c7fb4c106c68153e4b2098280cef3d5ee38cabe7a1ebca393_0x15d01579e9ebcf027e7000e66cc83c1a13b48fea0822ce884681eb804cbfcb1d,SELL,25.000,0.124,0.876
1743119680,poly,0x52f05ab8c6c33fcaee9ee7b6609500a94bf66ecbe82e2ffcada6248652a79392_0xd8a5221cc87a158302c90207261071223434f951062083351a4cefd0d213f2b4,SELL,15.000,0.124,0.876
1743119680,poly,0x52f05ab8c6c33fcaee9ee7b6609500a94bf66ecbe82e2ffcada6248652a79392_0x5a5ba016121aca3f957db3125ae0ae9a1cec18c3005c503c677d4508533f1f50,SELL,8.000,0.124,0.876
1743119680,poly,0x52f05ab8c6c33fcaee9ee7b6609500a94bf66ecbe82e2ffcada6248652a79392_0x274e2beb21aef348de264e6ce0b556740771f66c5cb269841f1515475d9f1be7,SELL,10.000,0.124,0.876
1743119682,poly,0x501345aadde5722062f52cba1db7cdeea9a0f6d33bb8df8131be79495d504f9a_0x71a274ce12183edf7f5cbcc91bc4613c1dd1ee17f6521889103a6bf370ae40da,SELL,8.000,0.124,0.876
1743119682,poly,0x501345aadde5722062f52cba1db7cdeea9a0f6d33bb8df8131be79495d504f9a_0x7079b4b0525804afce95f60d669298a416307566eec527ba91dfd6dd7de2caf1,SELL,7.000,0.124,0.876
1743119682,poly,0x459f5dbfe8a157775803080e25ce9aa99b0505c7cc02ee25746825c2c0235e7f_0x71a274ce12183edf7f5cbcc91bc4613c1dd1ee17f6521889103a6bf370ae40da,SELL,8.000,0.124,0.876
1743119682,poly,0x459f5dbfe8a157775803080e25ce9aa99b0505c7cc02ee25746825c2c0235e7f_0x5a5ba016121aca3f957db3125ae0ae9a1cec18c3005c503c677d4508533f1f50,SELL,3.000,0.124,0.876
1743119682,poly,0x459f5dbfe8a157775803080e25ce9aa99b0505c7cc02ee25746825c2c0235e7f_0x2ca02674ccafa02eae5525c90e522d8af14a41ccf50659cd21228f0085518f8a,SELL,13.000,0.124,0.876
1743119682,poly,0x459f5dbfe8a157775803080e25ce9aa99b0505c7cc02ee25746825c2c0235e7f_0x1a69109c1f31233f11c55d20f54fbb900c08faf09384067649d721ee4afbf325,SELL,15.000,0.124,0.876
1743119682,poly,0x459f5dbfe8a157775803080e25ce9aa99b0505c7cc02ee25746825c2c0235e7f_0x186ecaafdcd026ec7bc739d10425039be49a355e3a85faec7af526e7c29c9314,SELL,12.000,0.124,0.876
1743119684,poly,0x175097e85ea0e41e7c031535329711e33a32493cdee3e38054f5007ba5b80921_0x7d1dd3d408030663456ddc4dc378b3ab3bb5ec49239e7304058a477fdf60280d,SELL,15.000,0.124,0.876
1743119740,kalshi,8c368e8e-1cb3-443a-b2f2-2ad3517dbcd1,yes,1250.000,0.100,0.900
1743140898,kalshi,a3d968dc-819c-4e6e-b2b1-9c47e7c52981,yes,111.000,0.100,0.900
1743140918,poly,0x7ebaa62fc7605f1228b017f07ccdff1595db191b909887ade0f30beaf99d2802_0xa72a4b95f11b803f765c2a093c1b314849515fd3a83ffcbd508e5783264c238c,SELL,111.000,0.129,0.871
1743195315,kalshi,3a9ba6ae-c439-45f2-8d09-c81d1d511f5f,yes,1389.000,0.110,0.890
1743195315,kalshi,3a6cba4c-7ee8-43e5-b6c7-6b631daacbe0,yes,947.000,0.110,0.890
1743195332,poly,0xa9258779bf9644e0c7130a17ed8a93ec774c13f49f7541294a21d8908e48aa2d_0x9fa1c1f1cc70eee50a55801495a1e21a6233e64da3c7eae87264ea89fc0b8021,BUY,2336.000,0.137,0.863
1743347863,kalshi,ce4bd8df-06de-479f-952c-4987821b1a73,yes,769.000,0.120,0.880
1743347873,poly,0x54b602f8464ddbcc51162368ae6ea9ea3cbdfc3a537b240865e9c40f4be7c83b_0x07c66cbec1ed8ef99914cdd167e2d8fd4f20f857ffa8d96b49a35204879bf13d,SELL,1.000,0.115,0.885
1743347873,poly,0x54b602f8464ddbcc51162368ae6ea9ea3cbdfc3a537b240865e9c40f4be7c83b_0x200d817addb6e81f5d3d357e58535f6be77b3e1ecc16343a8ea7e61c98b52629,BUY,21.000,0.114,0.886
1743348003,poly,0xabf8ec02396eb21c62f246fd0678faf0eb7574f8d8262c4b40b910bfab0939af_0x896e1f57f4e0789349155fbf98fb4319baec36016ed0f45ec88b025fbc84e423,SELL,22.000,0.112,0.888
1743379784,poly,0x1d51f738e6942902141466bb7ee8fb68cd5fe35ce0c4d7cbfe99d48b484171e1_0x3232ebd1eea21b6882d0a4793df62349daa9978e554fab552bd773fe6daafca4,BUY,23.000,0.134,0.866
1743380071,kalshi,0bf3551e-8370-41b3-95f8-54bb770397cd,no,10.000,0.100,0.900
1743393194,poly,0xe97e93edb432693cd0b7c3baeef8cef68b28c1dd248e10ba24afc7a68778d7f5_0x3232ebd1eea21b6882d0a4793df62349daa9978e554fab552bd773fe6daafca4,BUY,2.000,0.134,0.866
1743393339,kalshi,0661501e-d5fe-40d7-a78c-4c42602b2b11,yes,10.000,0.110,0.890
1743437989,kalshi,3344b22c-11f7-41fe-b527-12f51bccd6c1,yes,4.000,0.100,0.900
1743437989,kalshi,241e4749-20d7-409e-90df-f9465f52577b,yes,500.000,0.100,0.900
1743438019,poly,0xd879ab0cbcbe1b333be231667399b27bf37825ef01595f23ff84d8cabc3c3c68_0xf5e02f73a160ffeacf6fb09ba555205ee62db1f2a073f343b2804759ddc42364,SELL,44.000,0.134,0.866
1743438019,poly,0xd879ab0cbcbe1b333be231667399b27bf37825ef01595f23ff84d8cabc3c3c68_0xd7303860bf30e1d5caf9b97500c983478e581d5ccdc54c4a6bc574a2ea9a1f12,SELL,5.000,0.134,0.866
1743438019,poly,0xd879ab0cbcbe1b333be231667399b27bf37825ef01595f23ff84d8cabc3c3c68_0xcfc1553ae4b594a255c233ca1d0f93cfed61f44093a9f07093cebc8cd5de81ce,SELL,31.000,0.134,0.866
1743438019,poly,0xd879ab0cbcbe1b333be231667399b27bf37825ef01595f23ff84d8cabc3c3c68_0x9180f02252ca0683aaea8f83151cec3b24fe8a882817fc6cfa4263e9cd5fa0c4,SELL,4.000,0.132,0.868
1743438019,poly,0xd879ab0cbcbe1b333be231667399b27bf37825ef01595f23ff84d8cabc3c3c68_0x5162ae933f1ca06da280ef093dc61005e82ed1536719748460d8accee5cbd2c6,SELL,11.000,0.134,0.866
1743438019,poly,0xd879ab0cbcbe1b333be231667399b27bf37825ef01595f23ff84d8cabc3c3c68_0x31646b620f95246efc580c640d66c54a848f3e86a3adddec7636cd789a97c4dd,SELL,50.000,0.132,0.868
1743438019,poly,0xd879ab0cbcbe1b333be231667399b27bf37825ef01595f23ff84d8cabc3c3c68_0x078467bcfc0443cb0aa05826ac634a64d86c075338c61b6c39c9ca82bbb0d0af,SELL,6.000,0.134,0.866
1743438019,poly,0xd879ab0cbcbe1b333be231667399b27bf37825ef01595f23ff84d8cabc3c3c68_0x405403de6601edb5f5041a8a093ef899da64a49e22bb173261d5b093405f7f6d,BUY,100.000,0.134,0.866
1743438019,poly,0xd879ab0cbcbe1b333be231667399b27bf37825ef01595f23ff84d8cabc3c3c68_0x3d7455db76e6c96bd357ccee928dce88ea0dcd98c80cbe992cbe936803496134,BUY,250.000,0.132,0.868
1743958584,poly,0xa3a5118ff35da993b26a874e7da58c34c97e9a6da88f7c12551ae4bcb8166dfd_0xf92d4c0e7828d0859b6eb31e9d42c9f33d5900e2ddd70fbbf635949da438a14f,SELL,100.000,0.087,0.913
1743958584,poly,0xa3a5118ff35da993b26a874e7da58c34c97e9a6da88f7c12551ae4bcb8166dfd_0x3c1b97fd270d0a790baa46ba7c784971ce448094b0e7c626caa06848c915748e,SELL,10.000,0.086,0.914
1743958584,poly,0xa3a5118ff35da993b26a874e7da58c34c97e9a6da88f7c12551ae4bcb8166dfd_0xc4de41888edb3f8d879e06b16bcefb68ca9d3d61ed20d27f433d60fd1bb6d101,BUY,100.000,0.087,0.913
1743958584,poly,0xa3a5118ff35da993b26a874e7da58c34c97e9a6da88f7c12551ae4bcb8166dfd_0x80fc25489d333e94b8b0c979395004d72e0a6c9929f496b53c528032973f2f07,BUY,332.000,0.088,0.912
1743958584,poly,0xa3a5118ff35da993b26a874e7da58c34c97e9a6da88f7c12551ae4bcb8166dfd_0x5e84d82eff5e19d9ca00685a729ea2c5f1fc6db3bdfef4e5e432832bb9e3c121,BUY,10.000,0.086,0.914
1743958596,kalshi,e4588089-d356-42e0-9af7-77da6507c3fc,no,552.000,0.100,0.900
1743959513,kalshi,efe6748b-9ff2-42df-a654-67fcac4378fd,no,156.000,0.100,0.900
1743959513,kalshi,739f068a-a9e3-4dd2-88bd-e35a3a36b12a,no,180.000,0.100,0.900
1743959518,poly,0x6ed183fe904bf7ac406a80595fda1e06d694f85e5793205f6de8f15e004fafef_0xed7ccdf555a31e8d3cc12055b8d2c8d7aab265c3396bfc20944ac6b8755a619a,SELL,50.000,0.088,0.912
1743959518,poly,0x6ed183fe904bf7ac406a80595fda1e06d694f85e5793205f6de8f15e004fafef_0xad09650658f9f715d9935eb7ff98eb3056c356b073a2d04777f0e6ec14e346a7,SELL,50.000,0.088,0.912
1743959518,poly,0x6ed183fe904bf7ac406a80595fda1e06d694f85e5793205f6de8f15e004fafef_0x67bab1c4a858a2d1e3a7eab0a3c5e4b9153124a42a81f605d6aa5e10bc18c43f,SELL,50.000,0.088,0.912
1743959518,poly,0x6ed183fe904bf7ac406a80595fda1e06d694f85e5793205f6de8f15e004fafef_0x0fc59b7d6a0b5fb2e96275c47b147b07531b293960578fa69c491459a7f2bd20,SELL,18.000,0.088,0.912
1743959518,poly,0x6ed183fe904bf7ac406a80595fda1e06d694f85e5793205f6de8f15e004fafef_0x80fc25489d333e94b8b0c979395004d72e0a6c9929f496b53c528032973f2f07,BUY,168.000,0.088,0.912
1744660678,kalshi,e60ace24-9450-46b2-98a7-a124ab7466c7,no,10.000,0.100,0.900
1744660688,poly,0xd51dba198c0c7ead4e0c56214508223fd9e6cdedc250d7330ce64c2238ca4271_0xcc14b49e4c0376fc8f02f60108417240c79ebec2ca2d3acb95e7d1ff6fb827b7,BUY,10.000,0.092,0.908
1744665743,kalshi,3e803394-cabc-4dd3-9b78-696f11fd908e,no,10.000,0.100,0.900
1744665748,poly,0x78e366341ac3e8db953aae5302ef6d55de4da80779ac31c2655938995edc31c2_0xd0b3c351f4ce4825baaad20b8ca6751ecccb803b7756768c3c238034adc4230a,BUY,10.000,0.094,0.906
1744731926,kalshi,e26e8ecc-01ff-49c0-8503-e20550eda640,no,293.000,0.110,0.890
1744731935,poly,0xf5fe57f02ef6b498823af0847bf640983d19a90659e932b3ee1138f3b11f4ee1_0x16f6acbaa88e837f7a06ad65f8f6dfb1a7bbb2fdc69f427e577069404bca7ad6,SELL,293.000,0.099,0.901
1744849073,poly,0x4ca16af78d87f2baff204244a3d6cf99eb4677314d8c9d2e99f4e3014b857329_0x59751b5fd05dde86ae6464a9a699476da70577f9c613f1b9ccd1bdfbad27b167,BUY,5.000,0.094,0.906
1744849323,kalshi,3572e20d-d871-4ce1-9a72-54b7048ed0b0,no,1.000,0.100,0.900
1744856161,poly,0x8f034002e0d509b996b9f8bf8e3336e40346aac1d9943840c94af7457e389bc1_0xeb83a854a9b0760b41a91aed01eae132ab10cc4101979a8488e049ffc14678db,BUY,12.000,0.094,0.906
1744856161,poly,0x8f034002e0d509b996b9f8bf8e3336e40346aac1d9943840c94af7457e389bc1_0x394c76e5dc4678ace090dd513ede85c9264091ec775fd102528fd0862222f4bd,BUY,11.000,0.094,0.906
1744856161,poly,0x8f034002e0d509b996b9f8bf8e3336e40346aac1d9943840c94af7457e389bc1_0x36de2350bda739876b4cda64f1bdc56fd0c529126a21d17bd6158fec50d53000,BUY,12.000,0.094,0.906
1744856163,poly,0x379568b6d9bc2fda7e21f627b3858983ae8950bb7fc44237f93246e5dfd06709_0x5afcfd5298299af922586c6d47a8ceb5f9e5d35a3b446ea691e089972e3a3d6c,BUY,12.000,0.094,0.906
1744856171,poly,0x62c3e2b51dbd883ff36f1b20ddd446d32d8236002d032569adccbaf7add4a824_0x5afcfd5298299af922586c6d47a8ceb5f9e5d35a3b446ea691e089972e3a3d6c,BUY,13.000,0.094,0.906
1744856185,poly,0xecc1c56925cd9974495736a30022284e4950f427d65238512de97cbe2faccdae_0x5afcfd5298299af922586c6d47a8ceb5f9e5d35a3b446ea691e089972e3a3d6c,BUY,11.000,0.094,0.906
1744856334,kalshi,7f9b4525-d511-40d0-9f77-f81636a78ba9,yes,576.000,0.110,0.890
1744937402,kalshi,97706250-2f56-4197-a4ab-8bb1bb47c24d,no,62.000,0.110,0.890
1744937625,poly,0xe8e5bc215f312794142181d6b4556c2522480e14e34e40107c57a487882c51ef_0xc82d9008fcf0ef47d408cbf0a299c4d7f1c72f9c1b343bb048c0cd2f0ac5696a,BUY,10.000,0.084,0.916
1744937625,poly,0x676a49a1a46b9d2dae60df4ea33833cb736a93e2944cc1218a603b8f303d6b28_0xee09eb25d5966462957149f1d59e346ed32bb3a44f0e1174622185a8fe8a2982,BUY,10.000,0.084,0.916
1744937625,poly,0x676a49a1a46b9d2dae60df4ea33833cb736a93e2944cc1218a603b8f303d6b28_0xdc4333a596cea4a6c17ec1659cc7e057ced6e49562e89271a7d191285c8401c5,BUY,10.000,0.084,0.916
1744937625,poly,0x676a49a1a46b9d2dae60df4ea33833cb736a93e2944cc1218a603b8f303d6b28_0xd85ee47f901ebac26f8a4b7f1107b2b59e549ad7123914501102ca7bd89e3cac,BUY,11.000,0.084,0.916
1744937625,poly,0x676a49a1a46b9d2dae60df4ea33833cb736a93e2944cc1218a603b8f303d6b28_0x833a9167788f7b5f086c87765266b01543f618e7d358034e03d4ad5b11d01105,BUY,10.000,0.084,0.916
1744937625,poly,0x676a49a1a46b9d2dae60df4ea33833cb736a93e2944cc1218a603b8f303d6b28_0x20b07d59cb5169b3933d2d8dae2ac312df22592ea47a02c89f944179b3fe5939,BUY,10.000,0.084,0.916
1744937635,poly,0x7042fb498a8f3b7fc3703fa5811e1114b9f1dd92cdec636bcb21a718cbcca9a4_0xc82d9008fcf0ef47d408cbf0a299c4d7f1c72f9c1b343bb048c0cd2f0ac5696a,BUY,10.000,0.084,0.916
1745008959,kalshi,754319a0-a4b7-48b2-a1ce-14c6ef568c28,yes,438.000,0.110,0.890
1745008969,poly,0x985b088dff08721ab0f8edb50b232bb1d1bfd2509d8ae721dee623a570839cb4_0x5900afb43a699d3e745adec4a475e7a74d4b154de02eeb80449a8b685b6d9ede,BUY,11.000,0.084,0.916
1745008979,poly,0xd83b0f6db91276f3f0ffa08c854fc4fdb7f4ede5b5fa3e213ce8d59a9e99e02f_0xf550cd6a341e927baf4c1dd2f09b5a6e741b34c5a49ec3d855ff490896ae1628,BUY,11.000,0.084,0.916
1745037988,kalshi,2a6dcc33-62ae-40ea-9b2c-3e9ad02ba35f,yes,15.000,0.120,0.880
1745038220,poly,0x50405bd02748e2e94d08cd009a014d55071d0b7956bca7ba9956403cdb35a465_0x0aec4580255aad3b7927ee54e5e9724103546d3858c478146d19c902640ac295,BUY,5.000,0.085,0.915
1745038220,poly,0x0c86c945196832cd695fa3af852487a6c3039a127524b66a9caf8e1ab56e2491_0x175382de94d9aff4ffe4f0fe2fa70d8e210afd24f5622417b7cf6b2eb61d76a5,BUY,5.000,0.085,0.915
1745038228,poly,0xa1b2a3a05c814ec4aeb2c5722c4adaf4273f72fec2052030ab5ddf572b06f773_0x175382de94d9aff4ffe4f0fe2fa70d8e210afd24f5622417b7cf6b2eb61d76a5,BUY,5.000,0.085,0.915
1745262758,kalshi,8a132c2e-1718-47a8-b2e4-21cb4117257c,no,236.000,0.110,0.890
1745262762,poly,0x0b53f9c98e3f89b8f673097d1473659137bc0a6bbc48d5bc50fb7128963b3287_0x84af6f807d8f44be0620318f10054a3f3bd2b665227cc751fe35600496e6d145,SELL,236.000,0.093,0.907
1745263632,kalshi,b4951302-828e-473b-9327-85f3a7492579,no,10.000,0.110,0.890
1745263637,poly,0xda8d28ed6469c6b80591659cc77b8537ad0247b69b30da2918162f261b269df9_0xac9356e922dbfad548b35e6feaaae70b7c49dbcbca74ea143f1a2ca1d727c856,BUY,10.000,0.093,0.907
1745265460,kalshi,0a0d6172-9ccb-449b-9c9a-dcc9be7eeb5b,no,21.000,0.110,0.890
1745265467,poly,0xe45b37f362308d656c52af616730df43e9301ef96e8e2deeb4b0c694effeb44b_0x08d93c2e6a42753558cff3f45ff76c7ccf29fa3d54eee82f79dfd825bd8a29b8,BUY,21.000,0.093,0.907
1745533812,kalshi,c4afe0ad-d9e4-4063-91e3-d605af9a5d99,no,369.000,0.130,0.870
1745533817,poly,0xfa2c1e7a8c44a8a76d1a02b6ab665170e57d180ca418ee4c9078d25c71e9e8a4_0xf26af4cd50325c49ce0ef54d482363d6038949ee543fe080c6ae56c4b39ea66c,SELL,156.000,0.110,0.890
1745533817,poly,0xfa2c1e7a8c44a8a76d1a02b6ab665170e57d180ca418ee4c9078d25c71e9e8a4_0xec47844a2bae262675a31d65d947adaf230485844c01ad0af2543793bdefcf6f,BUY,107.000,0.110,0.890
1745533817,poly,0xfa2c1e7a8c44a8a76d1a02b6ab665170e57d180ca418ee4c9078d25c71e9e8a4_0x6e178317630bae904f46f41a70a848ac22321e0290a3964376d0a942c013858e,BUY,105.000,0.109,0.891
1745606381,kalshi,f411426d-de94-4cd2-8ebc-dd653a9a2df1,no,4.000,0.120,0.880
1745606381,kalshi,c8244fdd-8d33-491b-9183-58a341892d5f,no,4.000,0.120,0.880
1745606381,kalshi,4061f6d0-06e6-4ced-a43d-24f20942e3ce,no,2.000,0.120,0.880
1745606381,kalshi,048d5919-fb48-4efb-a3dc-d1cc58224272,no,2.000,0.120,0.880
1745606386,poly,0xa343010f09198ee017a49a12bd2640a0a6e7b79acaab95728de3801920b3dd3f_0x221df39169e6ee4569229469607fa69615ef09aa64fa6833c20647ae740b9a62,SELL,20.000,0.099,0.901
1745632229,poly,0xeeb9beea4df9d5c21c154ff6eea5ba8c0dc8512c7a6bc4720b81155722c8ec6e_0x4f5a63a01dea0ea3851ff1323d948c7ca04693ed1232794c08af68eb67afc85d,SELL,10.000,0.094,0.906
1745632406,kalshi,21aa9f6f-90ae-4274-82d3-2d82a258db9d,yes,1.000,0.130,0.870
1745638137,kalshi,7f9e0657-a0d7-4e66-9f84-a285541b988c,no,300.000,0.120,0.880
1745638143,poly,0xb10163b994883e9c9964e126dd5e4ee1a8fa4cfa2c22a1a725fd0758ce060b3f_0xab59c56f9fea6de7653db37897e8d7c26ab5f89cf62ecc701674c6bea82f8d37,BUY,100.000,0.097,0.903
1745638143,poly,0xb10163b994883e9c9964e126dd5e4ee1a8fa4cfa2c22a1a725fd0758ce060b3f_0x64007751445e07d4232fb33af6b8bb458ebd66bbaae3ffe4083a9949c4905497,BUY,100.000,0.097,0.903
1745638143,poly,0xb10163b994883e9c9964e126dd5e4ee1a8fa4cfa2c22a1a725fd0758ce060b3f_0x12ce95944ee2f4c42f7ae2b8662ba33c694a80654ec9edca79c7bd98a1da440d,BUY,100.000,0.097,0.903
1745777419,kalshi,b4683297-6f97-44ca-9b5b-ab748bde2b02,no,32.000,0.120,0.880
1745777419,kalshi,0d7c097b-f792-42df-9964-c084ce138712,no,50.000,0.120,0.880
1745777426,poly,0x2b119357132b48d8f11eab8204c660da5325f0d25b865675d2e6926bd724ef12_0xfd21965f188144d94d2267a9d32a143ab308370a9ba9e360c7d1596e556c4ebb,BUY,40.000,0.102,0.898
1745777426,poly,0x2b119357132b48d8f11eab8204c660da5325f0d25b865675d2e6926bd724ef12_0x75c71ba74dd02ddc9d353ea81b206f81601e31c74bfdda99cf55e782801c20bd,BUY,42.000,0.102,0.898
1745784636,kalshi,a2cabfda-f354-4593-b6db-8ffd267b7382,no,20.000,0.120,0.880
1745784642,poly,0x9ba600c072005c3e35cd258b3600bf9abb54364f2c53761f7ac3275bee20b9a7_0xb0a437b35089cd841fda100447db3320894965b86ce712962ca3b1875c3dbed3,SELL,20.000,0.102,0.898
1745791333,kalshi,af8eeb7a-db6a-4e69-a28c-6dae7ac47279,no,98.000,0.120,0.880
1745791339,poly,0x23b90e7e121829940bc5edfc48f5e26d4d798dbb084bb8330bd5348cbc73b417_0xd1fc7a79ce2a9c6ab7ebcfae1421478a8a9e29b6df3269c2909e3ad1547dbe35,SELL,5.000,0.100,0.900
1745791339,poly,0x23b90e7e121829940bc5edfc48f5e26d4d798dbb084bb8330bd5348cbc73b417_0x847954f43b3b24aa09a5ee6364478249b131c7696cd9747ac46dae2eba0d80e5,BUY,72.000,0.101,0.899
1745791339,poly,0x23b90e7e121829940bc5edfc48f5e26d4d798dbb084bb8330bd5348cbc73b417_0x120cb8a497127cbc2584e38909173ca40bb65f9347649134f25019289ba3db1d,BUY,21.000,0.099,0.901
1745939912,poly,0x8feabc1acb160c9fa2199d899d91848121485359b3c3c11e4435b7002529b918_0x8ec3a2ba8933a172aef8860fe14fb0178de494e8660e26a1576f21dc172918ef,SELL,3.000,0.098,0.902
1745939912,poly,0x8feabc1acb160c9fa2199d899d91848121485359b3c3c11e4435b7002529b918_0x1df8797207cf726c8d5fe62b6760b5edb82ef156cea0ade5aef1ce0c8d0285dd,BUY,5.000,0.098,0.902
1745940055,kalshi,1984623b-76ae-42e6-9864-6c283733b188,yes,29.000,0.130,0.870
1746119290,kalshi,e82bd824-bdfd-4db2-8c6b-43e0a0ac77f4,no,597.000,0.110,0.890
1746119295,poly,0x248904913f6fc75a0d1bd54711106c83ce959d26e393941b0929029a7c782437_0xdab4ff41824f6a94ce6c21b2e898b60dfbae1b10edef0bd350fe3662c7afe632,SELL,75.000,0.096,0.904
1746119295,poly,0x248904913f6fc75a0d1bd54711106c83ce959d26e393941b0929029a7c782437_0x5c6fca136c3c5aa06d4d12b9d83f53fe13d150ed08c8184c5cb405c9a9156728,SELL,20.000,0.095,0.905
1746119295,poly,0x248904913f6fc75a0d1bd54711106c83ce959d26e393941b0929029a7c782437_0xa8472ffb2d19c2f4a2d8c24e51b7442c5dfa79bc741c37a6963e52a821b75012,BUY,15.000,0.095,0.905
1746119295,poly,0x248904913f6fc75a0d1bd54711106c83ce959d26e393941b0929029a7c782437_0x6b4aeb54d9b4d863aaeb61161cdf692e6cbc8a382f61444cdbe6e3e51be8d3a1,BUY,199.000,0.100,0.900
1746119295,poly,0x248904913f6fc75a0d1bd54711106c83ce959d26e393941b0929029a7c782437_0x6a98411eadd991dfde07450696b3284204dd4f0c19c5e02a179f5d611e80d2ef,BUY,105.000,0.096,0.904
1746119295,poly,0x248904913f6fc75a0d1bd54711106c83ce959d26e393941b0929029a7c782437_0x0d81139222901f034bdfa6794c791a0d62dc86da06d93d08cdb7a619aaa8aafa,BUY,162.000,0.097,0.903
1746119295,poly,0x248904913f6fc75a0d1bd54711106c83ce959d26e393941b0929029a7c782437_0x06db53727abed7c67f896967e152b268e674910fa22583a5bc2280b9c94d911d,BUY,20.000,0.099,0.901
1746206016,kalshi,1a54a3f2-7873-4bbc-b2c1-d559d4a2b566,no,233.000,0.110,0.890
1746206023,poly,0x0df4a3f1a67f6444b2018396ab0e2f78414ac60984d096f24038bc46696e6170_0xf0e37190e0e2773aaf1fbd622a9a94abde0ebb2e96bbd4c5ed711508bb19088c,BUY,233.000,0.097,0.903
1746301739,kalshi,65f08809-8ef3-490f-b362-25795d5f3050,no,50.000,0.120,0.880
1746301744,poly,0x1d6d6d751940a9ef4e7977f9b401d50b069bd360786ec22f45814eb029986bd3_0xf11691e395ed4eb7ff84e92246af581cb69a47501b6b22622e9c7d8d17f6d183,BUY,10.000,0.100,0.900
1746301744,poly,0x1d6d6d751940a9ef4e7977f9b401d50b069bd360786ec22f45814eb029986bd3_0xdef92604ff2d23886810609e20f58081e7d3ef421bc55ef8a0c512b1326550ac,BUY,36.000,0.101,0.899
1746464729,kalshi,2bc2aede-05cf-4900-955a-57276d678496,no,20.000,0.120,0.880
1746464730,kalshi,2bdb3354-16ff-46c2-9176-d51a10518ef9,no,30.000,0.120,0.880
1746464734,poly,0xc4aa2b75f9f2145d2b31d69a2e6116331062a217c7b4b6e380c0ec59a7958a1f_0xac5c75c79d2a98be6f1d043aca266f8d56c43d516d42e2b764e1d989cd12652d,SELL,9.000,0.093,0.907
1746464734,poly,0x78abdc56fd6e8be86ab01433f384a16525b207c3d49877074322e55ae6b72291_0xac5c75c79d2a98be6f1d043aca266f8d56c43d516d42e2b764e1d989cd12652d,SELL,10.000,0.093,0.907
1746464734,poly,0xc4aa2b75f9f2145d2b31d69a2e6116331062a217c7b4b6e380c0ec59a7958a1f_0x91f66edc983a208e24d4811e47eca172073f2d2f669e55197dc27097f7b944cc,BUY,20.000,0.094,0.906
1746464734,poly,0x78abdc56fd6e8be86ab01433f384a16525b207c3d49877074322e55ae6b72291_0x8f8790e2a92c12af85efe8411f71155074c50e794fbae7a8b1546703d641356b,BUY,10.000,0.090,0.910
1746543527,kalshi,35810eb9-4174-432f-b7c1-809c86897690,no,40.000,0.110,0.890
1746543532,poly,0xf90ddaa75e74b85a7d2b34c7ea9895aa58406bb0f45547ef36adff72a633edb0_0xcd60d3883282786b980eff5e2089b4b134946fedcf49e9f6b319bb51f5ad6886,SELL,19.000,0.091,0.909
1746543532,poly,0xf90ddaa75e74b85a7d2b34c7ea9895aa58406bb0f45547ef36adff72a633edb0_0x3029e26913dfe3d978b93ee94bb598c54b3630f661ada4dfc91003649ecfa38c,BUY,20.000,0.092,0.908
1746543538,kalshi,3355e49f-6590-44fe-940e-9ca3b36225ff,no,21.000,0.110,0.890
1746543544,poly,0x7382474be708982efa9fa3879df446a83a80d456086148c45fdfc6192ab4a3d9_0x766dab125e3dda19cb5d97a018059275fe50b293689e171a8c311eb4612935ce,BUY,21.000,0.093,0.907
1746543616,poly,0xa165195014cdabbb48f3961e01b5de6d24d791ca26da28ea63ed3db435b4f997_0x19774e1449fa8f9bc300ac1c414043d299506f511849df0e884bcb6330cbd80b,SELL,41.000,0.089,0.911
1746557384,kalshi,dc71c51a-f08d-4f05-85ff-0260b5dec406,no,234.000,0.110,0.890
1746557389,poly,0x440dd99f38cd7993e225aee20cad07378d175dc6a46b8e9b25b62f22caa8bc02_0x28219e3030cb2c91ca6087f889af014970417b4870f247aada54523ded784df2,SELL,20.000,0.092,0.908
1746557389,poly,0x440dd99f38cd7993e225aee20cad07378d175dc6a46b8e9b25b62f22caa8bc02_0xd680a9b0839b6df540456c40c385b0c497721f16b56a2196f096f46ca5cee382,BUY,104.000,0.093,0.907
1746557389,poly,0x440dd99f38cd7993e225aee20cad07378d175dc6a46b8e9b25b62f22caa8bc02_0x797034ede86a6c73a53ba87eba4cf8992413be0a147f3e1f8bf343939c8d0ce5,BUY,10.000,0.092,0.908
1746557389,poly,0x440dd99f38cd7993e225aee20cad07378d175dc6a46b8e9b25b62f22caa8bc02_0x3c79e2b163f42212af98dc4db333624c100ddcc7afc12b6e5ab540c2147bdc1e,BUY,100.000,0.093,0.907
1746557398,kalshi,e05daf51-b2f5-4447-ad2e-04ccd3f11650,no,10.000,0.110,0.890
1746557401,poly,0xbba21128364a6fb827c2c09e8df6f5c4e3bd934162eabd9657f803eca49b1f4b_0xa1912a512fdc9f29e9e78a1c70c759e4dadf4eadef5410899020d89921ca76ba,BUY,10.000,0.092,0.908
1746557687,kalshi,6cedc019-d47f-489f-ae96-f9c8eae306f2,no,100.000,0.110,0.890
1746557693,poly,0xed911b71d6f6066de487b1f6763ad0abae7fa67b660aa5508ec9d908bfb6cbb9_0xc92e943a14a373812852611bf49dc5e5435c7a5d4492e07c96883c4669e8f6a3,BUY,100.000,0.093,0.907
1746557987,kalshi,d2f53cf8-7eda-41f7-96a9-56ff7604ecbb,no,7.000,0.110,0.890
1746557987,kalshi,9803255c-ff9a-4787-8023-496a725e4a1f,no,93.000,0.110,0.890
1746557991,poly,0xed103cedb6da3894d97e19fd519843b38b74b308539437b39922ca86ecd73673_0x492564d31f96bbe2911d3411f6e8a6a1428bcd27d61dade970af05d259900634,BUY,100.000,0.093,0.907
1746564879,kalshi,17bb5512-bb3c-498b-8620-f770f3d38439,yes,499.000,0.130,0.870
1746564884,poly,0x61d426ba746b48dd3e46b495105244141faa1150a95937900850686e683783ae_0x37f5dec866d901cffc496182d166047cfa324f4ab261fff713c7c34889c5a679,BUY,100.000,0.094,0.906
1746564884,poly,0x0672c167f6393b9074d51cccf86c982795947871761506f6c37d7a2b6f451ecf_0x37f5dec866d901cffc496182d166047cfa324f4ab261fff713c7c34889c5a679,BUY,5.000,0.094,0.906
1746564884,poly,0x0672c167f6393b9074d51cccf86c982795947871761506f6c37d7a2b6f451ecf_0x0d503eb5530aae64dbef14d26765db66dec84efbda8019c38dcb1a38c7eb29c4,BUY,95.000,0.095,0.905
1746629644,kalshi,a4ba233b-7f6b-4b37-8a68-000f94aa1c50,no,242.000,0.110,0.890
1746629649,poly,0x7049b53efd1f77a6f4dd28c6bd112ef2fb1e715ee4c13945a35b3f43b273139f_0xf574241a6d3e825f9003ba5fc8e100a83b4c2054b1ab201d4e31a4dc873c2710,BUY,30.000,0.093,0.907
1746629649,poly,0x7049b53efd1f77a6f4dd28c6bd112ef2fb1e715ee4c13945a35b3f43b273139f_0xcb8ed3490985f87ea81b8d148526cee6eb432769a94145d539222c0d0583f540,BUY,102.000,0.093,0.907
1746629649,poly,0x7049b53efd1f77a6f4dd28c6bd112ef2fb1e715ee4c13945a35b3f43b273139f_0xc47f8e28160c32e82ef6ced8da7f168f4f744d067a5b1f81d37bc9e617a6a56c,BUY,100.000,0.092,0.908
1746629649,poly,0x7049b53efd1f77a6f4dd28c6bd112ef2fb1e715ee4c13945a35b3f43b273139f_0x9ae03b12d5749525cef8993053935370a8ee6c7893558d024cd994083fce963c,BUY,10.000,0.091,0.909
1746629666,kalshi,a079321c-b36c-4b9e-9562-29d30295941b,no,21.000,0.110,0.890
1746629669,poly,0xeccc3a66486c05bcc41d2e6bb295ca4e944f82b9154b7cba67cc2ee97b95c9ed_0xa2efadc3262e9749f46a1d7e5248fc01662346797b2c0cab0462e23db59c8a66,BUY,21.000,0.093,0.907
1746630772,kalshi,0531a8b5-3b9d-42de-a830-77b6cbee9c2f,no,200.000,0.110,0.890
1746630777,poly,0x47aa250b434a41c2af8d86f0326dd6ebea7ae427d8a91ab33e5142c5ec9e6b51_0x219606f23af4138c6846f8233fbf59302907418049b9c6b0615771ffb58013f3,BUY,200.000,0.093,0.907
1746630797,kalshi,ba8501ff-2654-4482-a86b-e4a5980dadb2,no,180.000,0.110,0.890
1746630801,poly,0x0022d4ea55fba751d71758fc1fb27ac3df1a80bf2c2ec71a13fbf3af169d1c06_0x1a697e55372130e988a33d5ca5e3f5a8ac8c17258a5a07d4481e098914c03cb3,BUY,180.000,0.093,0.907
1746630822,kalshi,a2192c88-20c9-41d8-b7d3-ad66fc13b9ae,no,57.000,0.110,0.890
1746630827,poly,0x35f65e5ae3ffd6fbc2689f64e6986cce53f99bb7f1fc8a6fe5428521798e5711_0x1a2d973a0651c51216c046b10340fd153d5e5dacf153f2e25fddd65d861f30c4,BUY,57.000,0.092,0.908
1746635159,kalshi,425d2079-4c85-4846-86ed-ee3cc40213da,no,374.000,0.110,0.890
1746635163,poly,0xd3a502a9a24dc1c67aa12a4b6f0c323d8e49b0754a4e19eb6399e03102bec85c_0xfb47e23624a1c5fbd839a8ded54213bc0e41a0d2aecea9e0c02dd74f165c4f5a,BUY,102.000,0.093,0.907
1746635163,poly,0xd3a502a9a24dc1c67aa12a4b6f0c323d8e49b0754a4e19eb6399e03102bec85c_0xf66dcece66b58df935d7cdbda65732a36c46d1b251a612200818da9a2ed5b344,BUY,50.000,0.091,0.909
1746635163,poly,0xd3a502a9a24dc1c67aa12a4b6f0c323d8e49b0754a4e19eb6399e03102bec85c_0x53303f5768df208a2eb32a1a0ee178cd93fd6f35776620a9d115a85cc28883b8,BUY,111.000,0.091,0.909
1746635163,poly,0xd3a502a9a24dc1c67aa12a4b6f0c323d8e49b0754a4e19eb6399e03102bec85c_0x319b88330c45af52c1ad28677b7f728fbd3df8369f574ad9ce2c4071dd70a7eb,BUY,110.000,0.091,0.909
1746635179,kalshi,4c0d39a3-fca1-47e5-97b2-6d1a082993ba,no,126.000,0.110,0.890
1746635183,poly,0x2570d5c56acdc2e5ff28139e3827c73c31b3b7cfec6901e2bdc3676b07911674_0xf1abce80415bb7a8c3b6fd554a392d3c7b74513639c0b498cc56ba8c52ada90a,BUY,66.000,0.092,0.908
1746635183,poly,0x2570d5c56acdc2e5ff28139e3827c73c31b3b7cfec6901e2bdc3676b07911674_0x9a1e13bb509b4d11cbede3f90ac1b394357a5506d05fb5c5a5457dce4f540055,BUY,50.000,0.092,0.908
1746635183,poly,0x2570d5c56acdc2e5ff28139e3827c73c31b3b7cfec6901e2bdc3676b07911674_0x284c8889ae8a9512c31ed2b7c60e6b7aa1da734a5d092faa73f3cf7002a442bf,BUY,10.000,0.091,0.909
1746635237,poly,0x9fcc67511b93cc3675b2ed8201dba2c2c00ec704143df98f80d645a41fa2ba7c_0x6cbfb82e13936081f7f958ccb54cd06824741454d876b9593bb9cecdf08f38d3,SELL,10.000,0.087,0.913
1746641909,kalshi,a9a59ad8-9f39-43fb-aeb1-d61b7b34b024,no,85.000,0.110,0.890
1746641914,poly,0x2d5e5cda6536acecd7ae9f972fce86ff22578df70e885b95c361a1db226e4b2e_0x1d8b62b0a96fe256ae5822af61924d7097cac5a9496610542c940308c4ba1c67,SELL,63.000,0.089,0.911
1746641914,poly,0x2d5e5cda6536acecd7ae9f972fce86ff22578df70e885b95c361a1db226e4b2e_0x83fe4d9b112daae0a15741a169a04a65e0ab5e79d97759dfbe58cf0476c36146,BUY,21.000,0.087,0.913
1746666350,kalshi,d3d5c3ea-c0d7-41d4-a095-8aa15b490ad9,yes,5.000,0.110,0.890
1746666350,kalshi,106eaaa3-569a-461b-9895-4e31a5a33be3,yes,27.000,0.110,0.890
1746666354,poly,0xde7fe75343b55f766bbb27bda4e28c97e4f66a53b5e2aab798155ef477003e96_0xf68bb14c3b787334fb43d242d84f103af918cc6174933ef98ca2a139711c2460,SELL,32.000,0.089,0.911
1746718660,kalshi,1e129b91-676a-4e6f-87b9-9510d11ea9a2,yes,8.000,0.110,0.890
1746718666,poly,0x8231ab6f909b39689974a33d98c45d21d17ed17a5f38443a16ed84f9409fd5d9_0xed9bc4cd30bed69c8620ab1715fce2fa7b9827b29420a1f00c51bbc04d2013f8,BUY,16.000,0.083,0.917
1746721439,kalshi,a400518d-8846-4ee5-a6fc-2d85899a355a,no,796.000,0.100,0.900
1746721451,poly,0xb4c7983dc982334dddc9b48becf8e09739ac3a9a7ec826961d9ce7ea13ddfb3d_0xed9bc4cd30bed69c8620ab1715fce2fa7b9827b29420a1f00c51bbc04d2013f8,BUY,796.000,0.083,0.917
1746734739,kalshi,971580f4-9a35-4bc4-b13e-ffcfdbd60b67,yes,100.000,0.120,0.880
1746734739,kalshi,78b20a08-e804-4060-b86a-aa5f4887d50c,yes,95.000,0.130,0.870
1746734739,kalshi,6bd6d5dc-7031-4399-b6d3-c730957d826d,yes,100.000,0.110,0.890
1746734745,poly,0xed086640493df27ad840ed8542bfdf1e6b3d771073342c8a22fdb8b857677f15_0xac7fb137661d68839b54506e9e9ff4c74c76000187451cc9f23c836d686e9829,SELL,20.000,0.087,0.913
1746734745,poly,0xed086640493df27ad840ed8542bfdf1e6b3d771073342c8a22fdb8b857677f15_0x2697c75b068bc557b01e1009b43602bdc99583858f739bd6984654253720dc19,SELL,20.000,0.087,0.913
1746734745,poly,0xed086640493df27ad840ed8542bfdf1e6b3d771073342c8a22fdb8b857677f15_0x53d26eabf35b7e87672e632c851b454df71e252bc0287982d776fd6bfe96cee9,BUY,20.000,0.088,0.912
1746734745,poly,0xed086640493df27ad840ed8542bfdf1e6b3d771073342c8a22fdb8b857677f15_0x1ad9b117ce47bc8e96cef0225ed9581c18e8651b654f0f2907d7b90e900fe189,BUY,40.000,0.085,0.915
1746734745,poly,0xc51b90d681cee86b2f7c8fb90d7fc3ba2eb52db35d8893a629762e06dc809650_0x65ce7d8f40e628ad63d3f27b22134215e090992e2e1dad5904e8a1facd18989f,BUY,23.000,0.088,0.912
1746734745,poly,0xc51b90d681cee86b2f7c8fb90d7fc3ba2eb52db35d8893a629762e06dc809650_0x53d26eabf35b7e87672e632c851b454df71e252bc0287982d776fd6bfe96cee9,BUY,85.000,0.088,0.912
1746740811,kalshi,986bdec4-71e7-4643-9374-c10ebec9ec5e,yes,100.000,0.120,0.880
1746740815,poly,0x374ca524eb10f9225d3cc1d0d7fa8cff514a9f292b7dd5fac9c3ebe72844d486_0x0d375af5f3b6102d4512c8e5417c07b683aec007d4c9c2034dbf324ae5172930,SELL,69.000,0.089,0.911
1746740815,poly,0x374ca524eb10f9225d3cc1d0d7fa8cff514a9f292b7dd5fac9c3ebe72844d486_0x99356f510509c78972d3bcbcb9b2919951e4bca7e3a1b94e48fbd30f74e4ed80,BUY,21.000,0.087,0.913
1746740815,poly,0x374ca524eb10f9225d3cc1d0d7fa8cff514a9f292b7dd5fac9c3ebe72844d486_0x9603e32e6bd903f827459b5f97d22391872ff1d456556a546aef182b282638f0,BUY,10.000,0.088,0.912
1746740958,kalshi,8ec9d16e-4aaa-4824-9303-e9d073300637,yes,100.000,0.120,0.880
1746740965,poly,0x318211b37e4b2c6226295c5fec5bd2ebcf5157b2d6f49bf2ed763d23b5984eab_0x0d375af5f3b6102d4512c8e5417c07b683aec007d4c9c2034dbf324ae5172930,SELL,100.000,0.089,0.911
1746746271,kalshi,2d9acdbb-9646-4d2b-a040-41c856911bb0,yes,100.000,0.120,0.880
1746746271,kalshi,0fd7e1c9-59d8-489c-bb89-e4e64c82485a,yes,52.000,0.130,0.870
1746746276,poly,0xb977e9016f457128c4ce1b4eb91c39b36dd000dd333c9077096765c5f631812a_0x40eccf336a8aa294a919c36278c334fa136ad9435daee8a543a6c58dc80c3632,SELL,100.000,0.089,0.911
1746748931,kalshi,5ae272dc-3bd8-434f-bd56-0f24abcbbc88,yes,100.000,0.120,0.880
1746748936,poly,0x0ec325cd54847f636475bf360c45fef0d69647b52784e19d94ec044d88911f66_0x40eccf336a8aa294a919c36278c334fa136ad9435daee8a543a6c58dc80c3632,SELL,100.000,0.089,0.911
1746753024,kalshi,fd5c91a0-95a4-45a6-a51b-9efefe22aaea,no,50.000,0.110,0.890
1746753024,kalshi,2204d481-13b8-48bc-a423-6ab7e8e7d76c,no,100.000,0.110,0.890
1746753032,poly,0xace0fcb3b8c66fcaaa8aba4e1fc72d9cd9de0496f60a076fab5a9b762ca3becc_0x40eccf336a8aa294a919c36278c334fa136ad9435daee8a543a6c58dc80c3632,SELL,50.000,0.089,0.911
1746753032,poly,0xace0fcb3b8c66fcaaa8aba4e1fc72d9cd9de0496f60a076fab5a9b762ca3becc_0xe209d0e9c6cefa548a906071992503b0ea642ff7df14bc2522b6f4cc32502497,BUY,100.000,0.089,0.911
1746768259,kalshi,41e1a194-23f1-453c-bf3f-1add8c10d0fe,yes,42.000,0.110,0.890
1746768264,poly,0x8198b9ad1390e51330b29d7be14955b157d95d2a24c9ebd7ea736ce3e8c2cbbd_0x0f2dda55f505ba49f4097fd3e6e02a1298ae798217329b4009bc74017df983a4,SELL,42.000,0.081,0.919
1746769242,kalshi,0401cff5-234a-4c52-a375-7d6ba86364a3,no,125.000,0.100,0.900
1746769248,poly,0x0acaa8bcaff6cb5c183cada7dceed453b2c09e313af184404d16afdcd8d1e2d6_0xcca5bfb4cee8700c1b8b932abc9ce574760bbd45f5f80acfe413c3875add1c56,SELL,44.000,0.082,0.918
1746769248,poly,0x0acaa8bcaff6cb5c183cada7dceed453b2c09e313af184404d16afdcd8d1e2d6_0x9318bc674b32643d83435b528dc13531dffb10c21abf5fd8e7ed5b407168736c,SELL,7.000,0.086,0.914
1746769248,poly,0x0acaa8bcaff6cb5c183cada7dceed453b2c09e313af184404d16afdcd8d1e2d6_0x3a1aca5865c9b947c587b3ce62f2e27fb3ded65edf26fe0b1988ebf62632be72,SELL,7.000,0.086,0.914
1746769248,poly,0x0acaa8bcaff6cb5c183cada7dceed453b2c09e313af184404d16afdcd8d1e2d6_0x143fb180ee396cb731d048e664d4f29a7c7688595c3e7c0516f19799e27905e7,SELL,7.000,0.086,0.914
1746769248,poly,0x0acaa8bcaff6cb5c183cada7dceed453b2c09e313af184404d16afdcd8d1e2d6_0x0f2dda55f505ba49f4097fd3e6e02a1298ae798217329b4009bc74017df983a4,SELL,58.000,0.081,0.919
1746797456,kalshi,2cd72e83-36bc-40b1-88d2-305cf63a8c27,yes,84.000,0.110,0.890
1746797461,poly,0x8802d91611b91b9a1e8e1896cb874545d661000696ee6e75d3f0abdcfac592f5_0xa5d4bb7bd151782807fd7f2edde14c5254c280644fb5792bad4d1279fdd72b2f,SELL,84.000,0.090,0.910
1746895299,poly,0x4fbcdeb4b4523fd6cf89c6d7d1b296afcabc4de1245e014c428662e2d5f289ec_0x21784426daf4277c5dd64e4b26a904311c4fdfcd019bf2d3874ed9941a3759e3,BUY,14.000,0.077,0.923
1746895468,kalshi,2c7a08e5-e264-4d0a-bd34-5f4981b6cabf,yes,50.000,0.100,0.900
1747051262,kalshi,fbef44fa-5cea-482e-9d15-f06164bc76d8,no,100.000,0.090,0.910
1747051267,poly,0x88806175e598468fb2703395fa5550fafca228520064ee81ff14c16084479f35_0x40c501a2332d2bb0c15706d1a51ed77f779c99125a92bdddcd5ed9eff5630112,SELL,100.000,0.070,0.930
1747052365,kalshi,975d583a-6e15-4a4c-8733-1df8ddb414e9,no,100.000,0.090,0.910
1747052369,poly,0x66fd8b4f81db2fd332d616e2a44cf4be68508f34dc73af55026a385dca1977f7_0x40c501a2332d2bb0c15706d1a51ed77f779c99125a92bdddcd5ed9eff5630112,SELL,100.000,0.070,0.930
1747064100,kalshi,0505d328-13b4-40a4-8057-91cd61231e5e,no,10.000,0.090,0.910
1747064103,poly,0x3f8b51a6a40754a5ce3fff20014fbf16913670ba82118da1607b40d2988585fa_0xadde657e0f6b76abdd3eef8380e3eed6ccf5f7f5b32dda63fe2496dedcf442e8,BUY,10.000,0.065,0.935
1747064542,kalshi,27f9d150-c905-4010-9ee4-53ac3e39ea73,no,100.000,0.090,0.910
1747064547,poly,0xf22e9aa9c7dddc21806f4edaa33236b670b1e639a73e59ef579505ab5f0cc6be_0xd7477ef5a80cffbbb9a68be0d0ed9493041437df279fdff4ddde97d839aa41a7,SELL,100.000,0.069,0.931
1747064602,kalshi,f553d617-b26d-4e86-a562-de69a53691c0,no,100.000,0.090,0.910
1747064607,poly,0xbc91c5bd774ed4f85be0b4b61ed08138fcb0adcd4dd8643ca88ccc119cfc83b5_0xd7477ef5a80cffbbb9a68be0d0ed9493041437df279fdff4ddde97d839aa41a7,SELL,100.000,0.069,0.931
1747064677,kalshi,eb2537d1-2b4d-4dcd-bb3f-969eb98fc777,no,50.000,0.090,0.910
1747064681,poly,0x43e97b4f4c43bd5707c48206370a6eca3f1ef8e2df16db48b2c8d946fa404edf_0xd7477ef5a80cffbbb9a68be0d0ed9493041437df279fdff4ddde97d839aa41a7,SELL,50.000,0.069,0.931
1747064809,kalshi,fc1e12c2-05e1-40b9-aee5-7f18216ceed5,no,100.000,0.090,0.910
1747064813,poly,0x33a12b79dcb37126d0ed092aeacedb31fef057b1fcb7cc91aa1ce2f97d889b5e_0x40c501a2332d2bb0c15706d1a51ed77f779c99125a92bdddcd5ed9eff5630112,SELL,2.000,0.070,0.930
1747064813,poly,0x33a12b79dcb37126d0ed092aeacedb31fef057b1fcb7cc91aa1ce2f97d889b5e_0xbca93cd93cba96da4af528f61fbbe308964773fdfb0824049c4dd9017282d69b,BUY,97.000,0.070,0.930
1747064869,kalshi,8df311a9-714b-4ce6-a32a-2b548b306d78,no,100.000,0.090,0.910
1747064873,poly,0x9b0854084326e42a35ea9831079245a3b64f6c65354e5fc8e8f99428868a46c3_0xbca93cd93cba96da4af528f61fbbe308964773fdfb0824049c4dd9017282d69b,BUY,92.000,0.070,0.930
1747064873,poly,0x9b0854084326e42a35ea9831079245a3b64f6c65354e5fc8e8f99428868a46c3_0xa70252e4359b57bed1a2e48371c72615855c77fc4000273a605268822c1b8cf4,BUY,7.000,0.070,0.930
1747064937,kalshi,63b1f246-4223-41f8-ae91-1a782eefb183,no,97.000,0.090,0.910
1747064941,poly,0xa9b566c9c4798e6b415e6c42414626589205d8bc09c60ce805ecd60706f38dc0_0x12a15b8d94352f34d41a55c864313e44d516311c094cc44a87a28b965136f748,BUY,97.000,0.070,0.930
1747072466,kalshi,56d855e1-e9a3-4e92-8d28-d399a3f618cb,no,30.000,0.080,0.920
1747072469,poly,0xcbcb61cc4f85803bf5a01df95d6f02de3a10de675d76e2f5ecb28e66a74a345d_0xfe35ed25607bbb66b2e9443aac4f1ece783e3a4aa2b2fc9ffa1b6077dc815d4c,SELL,25.000,0.064,0.936
1747072469,poly,0xcbcb61cc4f85803bf5a01df95d6f02de3a10de675d76e2f5ecb28e66a74a345d_0x0a7b96cee0bce733018a084bb677cadf0cd5af36c0afd0e80931817325da0061,SELL,5.000,0.064,0.936
1747072471,poly,0xc024067d5e72df4115e43958439771c54bcfac719e8a693fe8f2b85ba6f84643_0xffc41fbcbfa005c348aaaf3c4ac34c842815550c9280471e0bc08091be82db15,BUY,30.000,0.064,0.936
1747072473,poly,0x4bba8fd4f5fa421025bba404e697abfe3d45ebd8bd986993956b208b4c520015_0xbae2595af331dbc3d96c6ab4d0a30621bebd83b2154d384f5b3a46be83dbd7f5,BUY,59.000,0.064,0.936
1747072477,poly,0xa7f7d2857737cf2b38fafa6bf2bcaa77bbce65c0313b5467fe5d1eba38cf498a_0xf6cdf567b7c7e1996bfddd1a2ed74f70135dfabc961544a1668cf69110f8a21e,SELL,20.000,0.063,0.937
1747072477,poly,0xa7f7d2857737cf2b38fafa6bf2bcaa77bbce65c0313b5467fe5d1eba38cf498a_0x91920fb7d7008b5ecfcb5dd26b15c051ebe858a22451a79261d5a2464475847e,SELL,20.000,0.063,0.937
1747072477,poly,0xa7f7d2857737cf2b38fafa6bf2bcaa77bbce65c0313b5467fe5d1eba38cf498a_0xa8038546afec9c6f18f35f42161e7874cca37c4d2b3c3dbb02997442e5d6d91e,BUY,72.000,0.063,0.937
1747072478,kalshi,23e09e13-f057-44cf-8456-c07f7cc94eee,no,3000.000,0.080,0.920
1747072479,poly,0xeb4371924d1a75f82ab85dfd8733c7ccfac75faaafe1e9ee6933e78edd5fe9d6_0xc3e89bc33327f92079dfa28a56deff29a2438542cfae497650f5fab4942a55ed,BUY,110.000,0.062,0.938
1747072483,poly,0x6336d3ea7fdba4c0e023b736cbc07df1be413187ff4af07d69370ed02590e120_0xcaf482c2a9fb511a37d3d6d71f43fb6e099debe4ecedcb59ec1b99e9c3b22815,BUY,60.000,0.063,0.937
1747072509,poly,0x2d5d140d0942ec39819d221f5a6e256977aaf759ef9773beed06d3f66bb5a0d0_0x965c0b87e5e43d24cdc56420d18fabce96b2ed481f7dc890e3fadd12c2fe0b35,BUY,100.000,0.061,0.939
1747072521,poly,0xab781a9c79ff651b520e734801274e8b3db43f13075fe10e2e76721e900f0434_0x30f57f3e5df9d872c412a54fb9152cbdef27a69678e14ea7da1afc2e5ca38907,BUY,20.000,0.062,0.938
1747072569,poly,0xd51976fc9ee32d699fe3dc4880946fe7e58e3e4f57823266f5e75fe662e1ddb6_0x965c0b87e5e43d24cdc56420d18fabce96b2ed481f7dc890e3fadd12c2fe0b35,BUY,100.000,0.061,0.939
1747072629,poly,0x203c41bb7fd1d5bafb522c9aa388a538ef21fc10257f442a837c1237e193cbd8_0x965c0b87e5e43d24cdc56420d18fabce96b2ed481f7dc890e3fadd12c2fe0b35,BUY,100.000,0.061,0.939
1747072689,poly,0x3b7b9ad5956149582a1ac013d3a0f9e1cfceb8ea16d9b417cea45fa65644c652_0x965c0b87e5e43d24cdc56420d18fabce96b2ed481f7dc890e3fadd12c2fe0b35,BUY,100.000,0.061,0.939
1747072749,poly,0xb2cb1afc83e9943e000192eba486f9e3075ed06682340bb604e3f128436198c0_0x965c0b87e5e43d24cdc56420d18fabce96b2ed481f7dc890e3fadd12c2fe0b35,BUY,100.000,0.061,0.939
1747145185,kalshi,f0dcb60a-bb08-445c-b02c-af0b74632fc1,no,4.000,0.060,0.940
1747145185,kalshi,abcb73b5-b4f7-4703-a868-f9709bd85a91,no,6.000,0.060,0.940
1747145197,poly,0xb5568b0242a12ffc08af19e17345dd491c062abaa861431778da95ca55a9d33a_0x7490bf21bb01454ff4398fcc7e0a2e2f908124c3eb68add2178acb05f065533f,SELL,20.000,0.065,0.935
1747164501,poly,0x2c0d88747ac4e8d6467d1e36a06ed8db4ecaab735ee8486b779ac6cb6bfa2f15_0x2eb6b8b11f5e3851fa9c179d37b80720a69fb8308237ce4f6059754e3efc1469,SELL,41.000,0.068,0.932
1747164501,poly,0x2c0d88747ac4e8d6467d1e36a06ed8db4ecaab735ee8486b779ac6cb6bfa2f15_0x5fc60dff9d79c57326cb6f2ec4ae35e03df5ac208fba6391349a11f06efebfc1,BUY,43.000,0.068,0.932
1747164517,poly,0xf5a76cba04294101736f40a8820db6ddadd464f32242ae636d5e78b6bcd7dcc8_0x5a424353a48e313ff7de304fab0d17b7278c29a9a384711d90881583e6246641,SELL,5.000,0.067,0.933
1747164793,kalshi,ca566b0c-8933-4855-be52-81ebf5a7a10c,yes,202.000,0.080,0.920
1747198411,kalshi,6285272a-478d-40ee-b170-57f99e9db448,no,100.000,0.060,0.940
1747198411,kalshi,4b4430b7-2b45-434c-b1b5-122c7f9a46d2,no,20.000,0.060,0.940
1747198411,kalshi,19373bfe-aba6-46a7-bd5f-a894ceef10ff,no,25.000,0.060,0.940
1747198415,poly,0x9b4e5dbbe84e67a46e73792e388a0ffc498b92e8e5e13f695dbd13f5c7a7eac3_0x9838c5773ba1b1a660d0292d9962fa0eaf9ace8950a6c1391daecc97c76ac62a,BUY,50.000,0.064,0.936
1747198415,poly,0x9b4e5dbbe84e67a46e73792e388a0ffc498b92e8e5e13f695dbd13f5c7a7eac3_0x7e1fad7f46bb8508035bf9477578bc4a38a2271bf18e6105a73254ec6ab44deb,BUY,50.000,0.064,0.936
1747599892,kalshi,456e0339-512d-407a-8771-ffd381dbdf23,no,10.000,0.060,0.940
1747599898,poly,0xfc42cfb3f3977e019a5fb28d12fd24261d05631e84980f2a64e54d7ae22736d4_0x0ab63f18b1fca0c2827cc504e38ffe73861f87443755af9ef06909666190f55e,BUY,10.000,0.068,0.932
1747672537,kalshi,fea814b8-b5aa-4c00-b97f-0c227181bb2c,no,222.000,0.060,0.940
1747672537,kalshi,9fe98002-7860-4e4d-b770-91251a596033,no,42.000,0.050,0.950
1747672537,kalshi,5883d22d-6c7d-4bcb-8914-4a8c249aa217,no,50.000,0.060,0.940
1747672537,kalshi,5841b7c3-fb31-47fb-a1e8-cd389cb34c55,no,2.000,0.050,0.950
1747672537,kalshi,4b840b5a-d4e1-4a06-92af-1b5b041cdd18,no,100.000,0.060,0.940
1747672556,poly,0x3c93986c7d5c463ddcf2978733867a75f8296c2a08fafaca19c769e7df75087e_0xa2bd8703001e419ec5c4aca0378f8ce5fa80ee7fd3c300e389ff7ec5ee923f66,BUY,92.000,0.064,0.936
1747672556,poly,0x3c93986c7d5c463ddcf2978733867a75f8296c2a08fafaca19c769e7df75087e_0x0e90428a6dafbd2388f4b505cb5e462723e245731cc5671fe71b715c0fb691d1,BUY,7.000,0.063,0.937
1747672680,poly,0x6fda61bde3668fb1c3a18a480e28a5607c4893e19c6ff39948619be735850a4b_0x3ab4997e44af9be2be4359d2614fe7e8c72c7ce2a90b556d20db34cce5906b03,BUY,92.000,0.064,0.936
1747672682,poly,0x871c663c3b221a246c9d4554adefd6692311d42e5bccfbe4078d50883193f1e2_0x0e90428a6dafbd2388f4b505cb5e462723e245731cc5671fe71b715c0fb691d1,BUY,124.000,0.063,0.937
1747672702,poly,0xc88c9dedff45999e90e6d2a292e65464e16bb0026de50ac363611dfe917377a1_0x0e90428a6dafbd2388f4b505cb5e462723e245731cc5671fe71b715c0fb691d1,BUY,90.000,0.063,0.937
1747672720,poly,0x283d92c596e6de7d20e27c8e689420bc46a3d81bded867fbabc2b0726e9bd9f9_0x0e90428a6dafbd2388f4b505cb5e462723e245731cc5671fe71b715c0fb691d1,BUY,91.000,0.063,0.937
1747693870,kalshi,367b2f99-3c1d-48dd-a62c-57004311bb1d,yes,583.000,0.080,0.920
1747693912,poly,0x24fdfa36b708ac96aed6cbc2a744a5a7a2d9cc8a815e2e3d3d427fbe990aabf6_0x930b32833ba561de17d7b81022b2ebf39bd03174a48fc8c6efff9a76610c48a2,SELL,7.000,0.065,0.935
1747693912,poly,0x24fdfa36b708ac96aed6cbc2a744a5a7a2d9cc8a815e2e3d3d427fbe990aabf6_0xdecef89a6bd637553c2b94970900b9469fc663111e5d623f916bb1f39ad93e5b,BUY,92.000,0.066,0.934
1747747216,poly,0xe98a34d2812f0acb36cd6aac2c8f9d670a775ccaa9bc64280de97630e75ee4eb_0x052131465640bd3270a57fadb7f073710359abf8566043b290ce63f517afb82b,BUY,50.000,0.065,0.935
1747747510,kalshi,0251f8ee-22ea-4c90-b09c-4bb85fb64456,yes,50.000,0.080,0.920
1747761554,poly,0x065778715d5d7b85fe0b7fa37041eceb9b360817529d56f341ca84e42e501418_0x59844e0cc76a868f485cbb7f31c7720e0a789621d494b967868da4c150401da5,SELL,321.000,0.067,0.933
1747761554,poly,0x065778715d5d7b85fe0b7fa37041eceb9b360817529d56f341ca84e42e501418_0x3aa723286802dec5aa40b817fad7c00fc13db87c4b37d4375d160816ad7ad239,SELL,100.000,0.066,0.934
1747761628,kalshi,df303344-fb48-4882-8d06-7ca7668c2140,yes,95.000,0.090,0.910
1747761628,kalshi,c6f4ee72-1059-4350-8f6a-0be3185bdab4,yes,166.000,0.090,0.910
1747779085,kalshi,774cccbd-e6f8-4a9c-87f9-74a1da50478a,no,20.000,0.080,0.920
1747779085,kalshi,5bb74740-1b88-430d-94cd-ec51f11451ea,no,8.000,0.080,0.920
1747779331,poly,0xfbb09d13f8efa0e4f0863314fd350722349a8cc11b8c1cfe6647a933ad7788c2_0x0c0d2de52c46d79d932fd374e6571dea68f436912308f3f058ebf653fb27851d,SELL,131.000,0.066,0.934
1747779331,poly,0x6fa9a27d76175aaf1f410c841d5df0970ce313c6f042b8a5b4d7203024d3c145_0xa073a686c92d993cf9982c3a91bebdd9bfc716446ae126f40cc69d1b5dd620b1,BUY,7.000,0.066,0.934
1747787155,poly,0xe8da177cfdd830dd139896bd8a6fc5b1e167d97e5e59b057f4c86c4106ca83e0_0x259a9369272bcb49211f51083b84a47f0ae653ba0ac882d1f015adabf3e8ab5c,SELL,156.000,0.069,0.931
1747787208,kalshi,76ce4ca9-23a0-46ad-a047-3b93f202c46e,yes,972.000,0.080,0.920
1747787208,kalshi,6e23adcb-55d1-4df5-9428-8808c09c6fd8,yes,4.000,0.080,0.920
1747787208,kalshi,5e02af7e-2041-49ed-8970-29b335eb4bb3,yes,170.000,0.080,0.920
1747787208,kalshi,140c3157-a149-4bdc-81b2-9f82c6853e50,yes,28.000,0.080,0.920
1747787271,poly,0x6236dc4c61fee94c6a8eb9b66642c4b29d67ae35507999402384c767cbcec2fb_0x259a9369272bcb49211f51083b84a47f0ae653ba0ac882d1f015adabf3e8ab5c,SELL,314.000,0.069,0.931
1747787271,poly,0x6236dc4c61fee94c6a8eb9b66642c4b29d67ae35507999402384c767cbcec2fb_0x6346b3aa5bf03b900551675e0a2da5672d29724d2b5fac876155293292b3ade3,BUY,50.000,0.069,0.931
1747787271,poly,0x6236dc4c61fee94c6a8eb9b66642c4b29d67ae35507999402384c767cbcec2fb_0x39782ac670e4780722185713be780b71f98666e8744735e5f6c2756d3efdfdd6,BUY,135.000,0.070,0.930
1747886926,kalshi,246b5f91-c386-4af4-86ff-55fb93cfa94e,no,3942.000,0.070,0.930
1747886938,poly,0x258acb76982aea023459e738e9e4073c67bfdb25ba21019a84f1705b2d4d5004_0xecb2c682221418bbd24343218cf2ac9703a92f526bed55013b69e3b824c2716e,SELL,247.000,0.061,0.939
1747886938,poly,0x258acb76982aea023459e738e9e4073c67bfdb25ba21019a84f1705b2d4d5004_0xc98001b3779917591278ac9b896e3557dc9ca3ff0de117b3e24492de93d291aa,SELL,135.000,0.060,0.940
1747886938,poly,0x258acb76982aea023459e738e9e4073c67bfdb25ba21019a84f1705b2d4d5004_0x9b5c1502d844344df30604e88904bd7f68500422b60e7abce8b004ab0c0ffb9c,SELL,50.000,0.062,0.938
1747886938,poly,0x258acb76982aea023459e738e9e4073c67bfdb25ba21019a84f1705b2d4d5004_0x7cd06d747f84801bafb18bad7092bff5c03c49015aed5a89d4969712c223bb29,SELL,129.000,0.061,0.939
1747886938,poly,0x258acb76982aea023459e738e9e4073c67bfdb25ba21019a84f1705b2d4d5004_0x5fdc79ae056f7ac073efb7901eb7c65a5aed317c765bfd5ac758969aba77ec9e,SELL,500.000,0.061,0.939
1747886938,poly,0x258acb76982aea023459e738e9e4073c67bfdb25ba21019a84f1705b2d4d5004_0x30b6c49037e31cc771cb5630c51b0844ff46c92037e6ad6e924b261bf2cdeb85,SELL,50.000,0.062,0.938
1747886938,poly,0x258acb76982aea023459e738e9e4073c67bfdb25ba21019a84f1705b2d4d5004_0xaa544c4911457d6487783a31ca061f3b66dff8231821d4ec26c8586d02504569,BUY,50.000,0.061,0.939
1747886938,poly,0x258acb76982aea023459e738e9e4073c67bfdb25ba21019a84f1705b2d4d5004_0x5c84b054376518a89689c6a9944402d5eeb55da96b2be56f5ac03cef72e34a52,BUY,50.000,0.061,0.939
1747886938,poly,0x258acb76982aea023459e738e9e4073c67bfdb25ba21019a84f1705b2d4d5004_0x43b00305ed0ea04a67c55806867643fe11b70c9ee77865c1dc61bd5aaba8f50e,BUY,2190.000,0.062,0.938
1747886938,poly,0x258acb76982aea023459e738e9e4073c67bfdb25ba21019a84f1705b2d4d5004_0x349969808a1f93d9fa158dda036f814d8ee4a589c2437c60b88ec581036075c7,BUY,50.000,0.062,0.938
1747886938,poly,0x258acb76982aea023459e738e9e4073c67bfdb25ba21019a84f1705b2d4d5004_0x270b8864c318c31696a6e3800e1921597bdac237b3289889c34517938cd8f61c,BUY,50.000,0.061,0.939
1747886938,poly,0x258acb76982aea023459e738e9e4073c67bfdb25ba21019a84f1705b2d4d5004_0x2149a2a6d06ec6140cad62ee25dfcd2798d3dc3d88f7f3f6a5536e2e444f7402,BUY,439.000,0.062,0.938
1747970118,kalshi,ebc9e762-6f2e-4ca3-856a-1154be45e040,yes,58.000,0.080,0.920
1747970282,poly,0xa50a65d048471229130cfb071d652659604c16eece0c1d07998a9e4ae9eda542_0x18673565066bc88dd013f3b4aeb8a33feb2228f277bbf63b583c0572d9bf7a8e,BUY,5.000,0.061,0.939
1748106557,kalshi,9283e648-c08e-4428-94a5-60e4c0581142,no,4855.000,0.070,0.930
1748106559,poly,0xf2d37b09edd1197281b7df515aeaf55f3611f67e15652a91bcf3054c34d85c02_0xf2720a69f33c7f947643b8e6755ce2b7609d8455ca75918b6007fe0265806c70,SELL,20.000,0.060,0.940
1748106559,poly,0xf2d37b09edd1197281b7df515aeaf55f3611f67e15652a91bcf3054c34d85c02_0x74c1a2ff5559d6d336fe8f21a3a6680069a15134b3e6ef6dc71a2466a24cb77d,SELL,400.000,0.055,0.945
1748106559,poly,0xf2d37b09edd1197281b7df515aeaf55f3611f67e15652a91bcf3054c34d85c02_0x4422f57d5d5f966bb6db5c7e7e2c14e457b64801eadbf90346fea49c36ca6603,SELL,500.000,0.059,0.941
1748106559,poly,0xf2d37b09edd1197281b7df515aeaf55f3611f67e15652a91bcf3054c34d85c02_0xe493a8de6edec6e8f40c5a9aafbf447db136ecfb81b8ba4b7acf5feeb864085b,BUY,50.000,0.057,0.943
1748106559,poly,0xf2d37b09edd1197281b7df515aeaf55f3611f67e15652a91bcf3054c34d85c02_0xb49255c59e6790142190587fe289801d2a39160cc29bb54ef10f36640528fb58,BUY,135.000,0.059,0.941
1748106559,poly,0xf2d37b09edd1197281b7df515aeaf55f3611f67e15652a91bcf3054c34d85c02_0x95bb568d384d2ee74487da9a804beb6a55246cadbc3cfc7f039604a269025ce7,BUY,50.000,0.056,0.944
1748106559,poly,0xf2d37b09edd1197281b7df515aeaf55f3611f67e15652a91bcf3054c34d85c02_0x85d4ff36ddfb583047ac40ae0207d4f7758a73e81e268a291b28798e7079181e,BUY,307.000,0.057,0.943
1748106559,poly,0xf2d37b09edd1197281b7df515aeaf55f3611f67e15652a91bcf3054c34d85c02_0x3cd5333a874a558df64d9ee9ca102ad7373aec791720f253ff41def5328c0297,BUY,90.000,0.060,0.940
1748106559,poly,0xf2d37b09edd1197281b7df515aeaf55f3611f67e15652a91bcf3054c34d85c02_0x0cb28c07d43adb0857665420d6c7d78f027efa37bc5e68efa6a75c06b71e0e08,BUY,19.000,0.060,0.940
1748106559,poly,0xf2d37b09edd1197281b7df515aeaf55f3611f67e15652a91bcf3054c34d85c02_0x000451bebe0596ecd32b3e634c621d70ae7370692e0482b0cc6af668a7f21e91,BUY,300.000,0.058,0.942
1748121956,poly,0xaa861b3fc7599b6799d8ff0512266c1aa76fec327c10c0c3aaf0ecc9e6a27e71_0x728adb6138d6a87c13c261e5b785500a7df4dec28a67a37ade6dd0966db7f57f,SELL,50.000,0.057,0.943
1748121964,kalshi,9c699114-a0ab-45e1-9997-58753c2cb785,no,53.000,0.070,0.930
1748192985,poly,0x27de0340c8196569fbd7e971b22cdffc62224ce39aa370d2d32ab5b3972bc88f_0x99f9e2b34be3feca2d783d7433564be9822815690c5aa4f087e6bb57a4862602,BUY,5.000,0.061,0.939
1748193123,poly,0xba8fc0865ae71a9f46574fd8749e98a77776015caeffae9ea6d281fba1f8f1bd_0x99f9e2b34be3feca2d783d7433564be9822815690c5aa4f087e6bb57a4862602,BUY,5.000,0.061,0.939
1748193276,kalshi,9e545de3-5590-4266-b37e-d07cee7c39ac,no,16.000,0.070,0.930
1748193439,poly,0xc18e29ffc6826a9908466f776b525722628820e8f12b0c2f860a965b2514a442_0x99f9e2b34be3feca2d783d7433564be9822815690c5aa4f087e6bb57a4862602,BUY,21.000,0.061,0.939
1748284203,kalshi,1b41ad5e-8d1f-4145-b945-69518cc47ff3,yes,55.000,0.070,0.930
1748284435,poly,0x6b6e06cdde01426ae5f72196e08031baf175c8e2f7ed960c7f52da9e8db67c17_0x0bdf5b61bd88bae4b64cd3a6ec03ab28d1dc63b284b8668ccba10c96e9405339,SELL,6.000,0.059,0.941
1748313276,kalshi,1c6f08f5-c28f-4399-a794-724398a3c683,no,58.000,0.070,0.930
1748313435,poly,0x706a112ca4aeafedc0b4d263f4c650e445b27980504f9b3bc382aca231295200_0xdcda02babf92ea13fede90627db593ea25caa8a514811ce2146dfb44d6fe4fb3,BUY,100.000,0.059,0.941
1748313523,kalshi,d01baf39-a1f4-4c0f-b6d6-7edaf736890a,no,107.000,0.070,0.930
1748360933,kalshi,18a16384-4b7a-4c5e-b1f3-bfaa19e2c281,yes,1023.000,0.080,0.920
1748360933,kalshi,076a447e-60ec-40d1-9899-5fb73ca43404,yes,1000.000,0.080,0.920
1748360933,kalshi,01920603-900d-4873-8d78-63d9bbbdb687,yes,15.000,0.080,0.920
1748361003,poly,0xe7638dde7c292de81cb3adfc8803c42da21a3e3774263557a364695748cf69e5_0xbbc74ec609a7fc8283733c30d4873e53fb9c62344c303c810d7bc6fece311faf,SELL,885.000,0.063,0.937
1748361003,poly,0xe7638dde7c292de81cb3adfc8803c42da21a3e3774263557a364695748cf69e5_0x5cde0d9f3110c77ed9786ad9fcf5f46816c1c471fca23ab2f9dbd6fc7a483793,SELL,104.000,0.063,0.937
1748361003,poly,0xe7638dde7c292de81cb3adfc8803c42da21a3e3774263557a364695748cf69e5_0xf66d33de76121df46501e2d888aa41d05879492438effa382513a3bedd25902c,BUY,500.000,0.063,0.937
1748361003,poly,0xe7638dde7c292de81cb3adfc8803c42da21a3e3774263557a364695748cf69e5_0x58430985cbe2568842bbe6c6900a3b0cbbb935f32f708b5e31b72b5a4fc6439b,BUY,510.000,0.063,0.937
1748372321,poly,0x8e3c5d5f48063e176ffdac14222843fa7475c5f3bb11df3f35a774dff61a7dc8_0x3098d9671af042cb2b146ce08c4b5a301b74d7daa48343310576d0b73dc37fad,BUY,50.000,0.063,0.937
1748372391,kalshi,e42a7115-77cf-4b1a-8b1d-1385c70e3704,yes,3.000,0.080,0.920
1748384475,poly,0xd059b2fa79b784529d56f8428d1497f05132d5fd1acaee889c54133aa538a8f0_0x334cb821c235a592076a8e9b14e5ea7bac0de4a476d6a8ac6bea5d589986bbc1,SELL,500.000,0.059,0.941
1748384638,kalshi,8479f10c-3a99-4454-88c9-be709df49065,yes,499.000,0.080,0.920
1748392173,kalshi,28550156-e38a-4161-8117-b6f2265dfbcd,yes,500.000,0.080,0.920
1748392297,poly,0xa385d3d48fdb6c36f4ed84270afbc722869de0e9d12f2a1040ca7c541ed6fdd8_0x01b45f057537a3465f8dc6a2ec8cf4375ccadf4ff721f216de73dfb59142c65f,BUY,500.000,0.069,0.931
1748456144,kalshi,18cacb77-98a2-49cb-99b8-93aacd8067fa,yes,4000.000,0.080,0.920
1748456216,poly,0xaeb07412d72133db780d2b5ee47196fdc9afabdb6eb70b3b80ce0167df6f230a_0xac35aa841c8a85e8fa9f3a9e5721269e31abeaed67d591298265345f6e963d5c,SELL,3096.000,0.077,0.923
1748456216,poly,0xaeb07412d72133db780d2b5ee47196fdc9afabdb6eb70b3b80ce0167df6f230a_0xf63ff554df833f14c5100937f2809366cfc6233065738c5d1c1217ec8ea42e4e,BUY,200.000,0.077,0.923
1748456216,poly,0xaeb07412d72133db780d2b5ee47196fdc9afabdb6eb70b3b80ce0167df6f230a_0xe72350450727a16ed2315cce9a760776cd298a5350d67dd7e6586156895c76e9,BUY,703.000,0.077,0.923
1748467630,poly,0xa8c81183098d6bc7b4ef018aa57d28520e1a01a403c55c48840da9962b1bf253_0x871ebae365673f7156175e2550e1bfa14a7351e88b08df2900d50dd19743778d,BUY,500.000,0.088,0.912
1748467754,kalshi,a61ffad6-13d5-41f5-86d8-b57b68defc2b,yes,866.000,0.090,0.910
1748467754,kalshi,8934b7dc-484c-4c42-a204-a38b547b0b40,yes,134.000,0.090,0.910
1748467784,poly,0x8395e4424431e8ffbbd4602c3daf15f687ff35bf6364d14e4c58d79ee7226d54_0xf483b5ab1edce586074a63cdc74741e1cf2404803a9fe67d46b2624bebb6144b,BUY,10.000,0.083,0.917
1748467788,poly,0xf0562e6e29d460611fe51372361d7790ff880c3bae7ddc5fa3fae1c1e3c2c369_0xf483b5ab1edce586074a63cdc74741e1cf2404803a9fe67d46b2624bebb6144b,BUY,41.000,0.083,0.917
1748467816,poly,0x9099416e2edc3cde59237ecf8c8a0eec54349c93c0321450ef1fd1fb3aa6a7c3_0x871ebae365673f7156175e2550e1bfa14a7351e88b08df2900d50dd19743778d,BUY,22.000,0.088,0.912
1748467894,poly,0x977193e841e449f58083abae05c66bde17029e48d23a34a54de2e4f6fd1a4bd6_0x871ebae365673f7156175e2550e1bfa14a7351e88b08df2900d50dd19743778d,BUY,1000.000,0.088,0.912
1748468425,kalshi,c2dd0aa5-67c8-49fd-8608-8ef5899de58a,yes,28.000,0.100,0.900
1748468466,poly,0xec3ceb0e69ec3720e36d3cf45fb7d3151c2c49b9722ae1a54b6d20cab4eccce9_0xc06a4f0a8574869d965fbb169b9ecff103d98d5dfd061701238f66f1e771a867,BUY,480.000,0.088,0.912
1748468466,poly,0xec3ceb0e69ec3720e36d3cf45fb7d3151c2c49b9722ae1a54b6d20cab4eccce9_0xb150423afeb2935fd5f802e2d87346d3b260ccd39aeead970dc2152a2fd31fb6,BUY,20.000,0.088,0.912
1748468597,kalshi,4a90fbec-7377-4bff-9993-740ea182c274,yes,47.000,0.100,0.900
1748469384,kalshi,2a343b18-17ff-4e58-9486-a05d4ac9393e,yes,1148.000,0.100,0.900
1748469384,kalshi,1caf48d0-3f37-4ec2-89ac-bdf34cafc413,yes,62.000,0.100,0.900
1748469682,poly,0x2648f6fc2eb7c6001cfcffb68c551eb7039b3c6d252f2a7b64c38f82fcbcce0a_0x4a5b57604a4bc8bd4b03684239ae383e554c6482be9c4c4cafa79bbd8e4967f6,BUY,337.000,0.089,0.911
1748469716,poly,0x77af21301e4dd85de8f8b030f2ee3e3c455b06cdeec01104602e9d72fa349c80_0x74378236515cfd0872167567213644ea3b46788703f0f8bbde7e6a306e7673b1,BUY,611.000,0.089,0.911
1748469786,kalshi,528065f6-6099-4e03-aba3-24257d1e8f80,yes,20.000,0.110,0.890
1748469786,kalshi,1ac2bd26-7d4c-4482-abac-6d30a833454a,yes,80.000,0.110,0.890
1748470230,kalshi,73e88c86-4cd0-4556-95ce-7743a1d81996,yes,9.000,0.110,0.890
1748470382,poly,0x0868a730e0a0cef954bd17777e3a7241a331184bda4104b89a3315c7324f361d_0x74378236515cfd0872167567213644ea3b46788703f0f8bbde7e6a306e7673b1,BUY,1000.000,0.089,0.911
1748470518,kalshi,6b103159-2083-42df-b92d-ed42355b083b,yes,2.000,0.110,0.890
1748470566,poly,0xa85369cda291ea05900f349b5ae971a9b3e621c7aadae865c6dbca19756fa008_0x74378236515cfd0872167567213644ea3b46788703f0f8bbde7e6a306e7673b1,BUY,250.000,0.089,0.911
1748470690,poly,0xd42081cd2cbb7243e403afe663d532a874d343e77fdfdfcb5eef2b8c39d762ab_0x74378236515cfd0872167567213644ea3b46788703f0f8bbde7e6a306e7673b1,BUY,250.000,0.089,0.911
1748470756,poly,0xe2f66c16a259f86de6ae665443baa606c57ac69fb6392220706bb62c2040c91c_0x74378236515cfd0872167567213644ea3b46788703f0f8bbde7e6a306e7673b1,BUY,309.000,0.089,0.911
1748470756,poly,0xe2f66c16a259f86de6ae665443baa606c57ac69fb6392220706bb62c2040c91c_0x428692eb0ebdd8db50f5b158d179980fd29612a23b259d09bf7befb9f5ea1006,BUY,500.000,0.089,0.911
1748470756,poly,0xe2f66c16a259f86de6ae665443baa606c57ac69fb6392220706bb62c2040c91c_0x0be3b20971f081bc150d51435ec03a4ad0cc61583f27832366ced9584f4580c3,BUY,157.000,0.089,0.911
1748470828,kalshi,853a2239-5bb7-4bef-b005-ebbff8f2f729,yes,9.000,0.110,0.890
1748470828,kalshi,525f649e-37fa-40ac-8ba6-92e07054265f,yes,847.000,0.110,0.890
1748471045,kalshi,6f5ca81e-b119-4fd7-bfa1-573b8ca1dc11,yes,9.000,0.110,0.890
1748471045,kalshi,5b7513cb-c3bc-4781-a17f-9f7c474d5923,yes,242.000,0.110,0.890
1748471045,kalshi,5628927a-1998-435c-982a-c75b4b13f6a7,yes,2.000,0.110,0.890
1748471045,kalshi,46a8b82a-2851-4b81-9309-a656e211ee55,yes,9.000,0.110,0.890
1748471045,kalshi,0231b15f-3543-4d0c-b69e-de10759919f7,yes,80.000,0.110,0.890
1748471934,kalshi,81ff6d25-c2ea-4866-8dd6-683fd91620b4,yes,758.000,0.110,0.890
1748471934,kalshi,1ec70116-3109-4894-b082-7afc83db8be1,yes,80.000,0.110,0.890
1748471938,poly,0xa34713d3484d873d8ef5a44bd6d42f2f0c776d42c68eec8440d618b9bd7d399b_0xc7651f47f2a03ed1bd1ecd76dcf5fa80f7431d65b7de31d08396a986036a0581,BUY,80.000,0.089,0.911
1748471992,poly,0xcd11eeb023c8d384600af668366f09f32a7bcf24f89bcefb68f6f0371b25f4f2_0xc7651f47f2a03ed1bd1ecd76dcf5fa80f7431d65b7de31d08396a986036a0581,BUY,20.000,0.089,0.911
1748471992,poly,0xa89b239d3592f3b782a3ba3790b7a42951d243fb6e3c8744dae727cda5518d0a_0xc7651f47f2a03ed1bd1ecd76dcf5fa80f7431d65b7de31d08396a986036a0581,BUY,80.000,0.089,0.911
1748472363,kalshi,ffdd3ac0-7eff-42de-b823-f8ee34547d3a,yes,25.000,0.120,0.880
1748472363,kalshi,a58dc3db-6597-4e78-a376-1336215b020e,yes,350.000,0.120,0.880
1748472363,kalshi,8381dfa3-b818-4cae-9ecc-5ba795a9edb8,yes,100.000,0.110,0.890
1748472363,kalshi,1dc45a49-ced6-4d6e-9f67-a1ebb0035349,yes,25.000,0.120,0.880
1748472368,poly,0xdd09b7b9cc321bffaa21501f90fe73e34adba75dc79884dc1e739e4225a8fd06_0xc7651f47f2a03ed1bd1ecd76dcf5fa80f7431d65b7de31d08396a986036a0581,BUY,25.000,0.089,0.911
1748472368,poly,0xb78424edba17b6b6691da512c8e8b7186526f5cc87419b51a88eb2cea5d77d04_0xc7651f47f2a03ed1bd1ecd76dcf5fa80f7431d65b7de31d08396a986036a0581,BUY,100.000,0.089,0.911
1748472410,poly,0xdc2d7b962caee81daa159668a1b9089ba8b267030b83d8f31ba3413e6a268a01_0xc7651f47f2a03ed1bd1ecd76dcf5fa80f7431d65b7de31d08396a986036a0581,BUY,387.000,0.089,0.911
1748472410,poly,0xdc2d7b962caee81daa159668a1b9089ba8b267030b83d8f31ba3413e6a268a01_0x8db90f5ba3b4e8e7757607b1518e7b795edc6eaa1fd7e43721bf1d3540568da1,BUY,20.000,0.089,0.911
1748472410,poly,0xdc2d7b962caee81daa159668a1b9089ba8b267030b83d8f31ba3413e6a268a01_0x7a10a7b2f561f389e51b0824379c955b311c53f6b6ae199ce4d742bc14630943,BUY,250.000,0.089,0.911
1748472414,kalshi,2e9ead65-a7d7-457f-96e4-1b9647ad8ad4,yes,10.000,0.120,0.880
1748472532,kalshi,98378a84-38d6-4d4b-8f9f-6424420b2c33,no,200.000,0.110,0.890
1748472535,kalshi,e7536fae-806b-4dc2-bdfb-5e137d07f2ef,no,50.000,0.110,0.890
1748473494,poly,0x4d119233c2369ccd01596b36e82edda4dd051ccc9fd8a03e8cc76602874cda64_0xc190198383e155d35c399311f311c37b3462530195282dca3addc9b04b5bd535,SELL,500.000,0.098,0.902
1748473494,poly,0x4d119233c2369ccd01596b36e82edda4dd051ccc9fd8a03e8cc76602874cda64_0x3ccfce8ba11b1aecd2c2c29274913a2764173856c25dd8901105f356528eb5b0,BUY,101.000,0.094,0.906
1748473603,kalshi,c002b3de-ab55-43f5-8672-a4d834c4a0d8,yes,75.000,0.110,0.890
1748473603,kalshi,148ef33c-97e4-4cb3-9f91-09f69e8e6439,yes,20.000,0.110,0.890
1748473667,kalshi,df273efc-28ed-40ce-90c2-9ad9dfb00f3f,yes,175.000,0.110,0.890
1748473692,kalshi,f9e257b7-c7a5-48c5-846d-ec1d7d3de3d1,yes,65.000,0.120,0.880
1748473692,kalshi,9f9a4fbc-a87b-41e3-9509-febfc2ec87e0,yes,238.000,0.120,0.880
1748475872,kalshi,2fcc5a2e-a482-4481-9627-d07e99d62740,yes,117.000,0.120,0.880
1748476083,kalshi,f5f39d32-d5c7-4905-adb9-8ac600380a6e,yes,100.000,0.140,0.860
1748476083,kalshi,dd03e2a1-45ec-47b5-89f8-b0a096eac034,yes,500.000,0.130,0.870
1748476083,kalshi,d454a4a8-b9ba-4860-b87c-308449d0fbe3,yes,100.000,0.130,0.870
1748476083,kalshi,c4822d90-d585-4844-be4f-f2e0e8f3034e,yes,117.000,0.120,0.880
1748476083,kalshi,9daab93b-a64b-4206-bdc3-1a9bc306530b,yes,100.000,0.120,0.880
1748476083,kalshi,894149ab-e2e3-41d0-a3c7-00561569fc24,yes,500.000,0.120,0.880
1748476083,kalshi,79523164-a30b-4f00-b54f-b6f0c06f28f4,yes,25.000,0.120,0.880
1748476083,kalshi,72bf3c47-1454-4b6c-b5a0-9026291b9b24,yes,25.000,0.130,0.870
1748476083,kalshi,595c8005-5b64-4ff8-af95-55a3a0eab92e,yes,25.000,0.140,0.860
1748476083,kalshi,489ce75d-0a0f-4bb1-b385-069e06a3fc75,yes,238.000,0.120,0.880
1748476083,kalshi,3b7d37d8-33cb-4543-b0f4-574cd4f97bc5,yes,125.000,0.140,0.860
1748476083,kalshi,1e430506-45b7-48aa-8fe6-2e3d515b56bd,yes,645.000,0.120,0.880
1748476088,poly,0x9f156c6d783dbe826fb56f699612215d71839c0cc465a108b7c402cfe5a51934_0xb2ab0560739c9f193999c364fe045704877c8997671e54238d311c107dc491bb,SELL,30.000,0.101,0.899
1748476088,poly,0x9f156c6d783dbe826fb56f699612215d71839c0cc465a108b7c402cfe5a51934_0x7bb9cfdeab41dc76cdc11adb5e00d72920877576e7ef1a235e9167864c6bb64f,SELL,15.000,0.101,0.899
1748476088,poly,0x9f156c6d783dbe826fb56f699612215d71839c0cc465a108b7c402cfe5a51934_0x1b6ac5107da869ac12f7a6e212be9fefbc15a87804a330c0f4ef0c5a87f2b8ee,SELL,10.000,0.101,0.899
1748476088,poly,0x89903d708a0bc31fdb20c3c3b79f9f54694c246399216c3fa52293b59e082f0b_0xec46a9e40e0ff65a37e65988f5f01be8a6f39a5bff592408a74b88bd990513d3,SELL,36.000,0.108,0.892
1748476088,poly,0x4666a9633d57f7da41cfd646c4e62542d55f16cc1ae4b9e2cc4e392eba9f417e_0x1b6ac5107da869ac12f7a6e212be9fefbc15a87804a330c0f4ef0c5a87f2b8ee,SELL,100.000,0.101,0.899
1748476088,poly,0x9f156c6d783dbe826fb56f699612215d71839c0cc465a108b7c402cfe5a51934_0x8eb89c6a2e9348df46e3606d9005c5e237ecc3d4a79355b2c57ec3479e3dd348,BUY,8.000,0.101,0.899
1748476088,poly,0x9f156c6d783dbe826fb56f699612215d71839c0cc465a108b7c402cfe5a51934_0x64c64222a3893c28b48d6ece27886f30d93bbd652aa2d67fc81c7b75e6b88acc,BUY,36.000,0.102,0.898
1748476088,poly,0x89903d708a0bc31fdb20c3c3b79f9f54694c246399216c3fa52293b59e082f0b_0x64c64222a3893c28b48d6ece27886f30d93bbd652aa2d67fc81c7b75e6b88acc,BUY,63.000,0.102,0.898
1748476104,poly,0x24176fc0e998ac0b46dfe1854ac9bb0bea083c87f23d6de567233b7da8714637_0x7425a47d1d6b25aa007cc25ea9218612879a3411558009265c7804687e162507,SELL,42.000,0.106,0.894
1748476104,poly,0x24176fc0e998ac0b46dfe1854ac9bb0bea083c87f23d6de567233b7da8714637_0x98c65df150da1b89938162ba56515c56dd3270855b26683a94201961eb7e4d76,BUY,100.000,0.105,0.895
1748476234,kalshi,58412c3d-e1bf-4db2-b9ec-1e91a56afea9,yes,100.000,0.130,0.870
1748476234,kalshi,21aad9bf-52cf-4c94-9875-ef408219ba4c,yes,50.000,0.150,0.850
1748476234,kalshi,17256e58-960f-4e34-a4d4-ecd638301835,yes,100.000,0.140,0.860
1748476236,poly,0xe410182350560d2acf2a21c59b0b4e32d864d02341cdf692847329d93ae1f6e2_0x83a666be52624246bd6d6b358ca949532b6bb91ad255f29692cdf0e0859738fc,SELL,33.000,0.109,0.891
1748476236,poly,0xe410182350560d2acf2a21c59b0b4e32d864d02341cdf692847329d93ae1f6e2_0x1bdc2e7b5df017ba0edfb4a702673cff35f30fbffc0dcf8529255253d66f8999,SELL,33.000,0.109,0.891
1748476236,poly,0xe410182350560d2acf2a21c59b0b4e32d864d02341cdf692847329d93ae1f6e2_0xed1aab6663836f26243fadd61ce10c7cc343591e6e10493a6ea3ebd5ec5776aa,BUY,41.000,0.108,0.892
1748476240,poly,0x988f61c9856f524cb9334c2b1f5b72ece74ac2a9fe68a5b31f43e02717653a49_0xfbc34025ac8159d7a457e29be593bc574382ef26c5ed230526bac08c34abc115,SELL,32.000,0.110,0.890
1748476240,poly,0x988f61c9856f524cb9334c2b1f5b72ece74ac2a9fe68a5b31f43e02717653a49_0xccf6467a8dd3d07636c1be732d653efb243e4dc4a321d8bd6bdcb62c8b937520,SELL,14.000,0.110,0.890
1748476240,poly,0x988f61c9856f524cb9334c2b1f5b72ece74ac2a9fe68a5b31f43e02717653a49_0xc723cf74e2a7fbe16540dcca4d502a1eb03143ecf87b4516b9b3ce0f4bb3854f,SELL,32.000,0.110,0.890
1748476240,poly,0x9c678d250789dfdf8d2670db16d79f2a044f825b0eed8e660da6b59031e13468_0xedb71041674077ff12b5d670f4111e74c42e2af8788586525d1996d31a04eb45,BUY,100.000,0.111,0.889
1748476240,poly,0x988f61c9856f524cb9334c2b1f5b72ece74ac2a9fe68a5b31f43e02717653a49_0xedb71041674077ff12b5d670f4111e74c42e2af8788586525d1996d31a04eb45,BUY,19.000,0.111,0.889
1748476240,poly,0x3f02747bf00468f70ec01c84f0c8aa723e22df5bb42495a5c4c1849e6182199e_0xedb71041674077ff12b5d670f4111e74c42e2af8788586525d1996d31a04eb45,BUY,100.000,0.111,0.889
1748476266,poly,0xed820297e7429dc1dc2da285ed2171e7063b25d2f79e23b56cb9b4d84a72397a_0xfaf1bbf15405ebb7da6a901e90e09d4e9b3ca2ada780ca89fa120b04193b03e6,SELL,867.000,0.114,0.886
1748476266,poly,0xed820297e7429dc1dc2da285ed2171e7063b25d2f79e23b56cb9b4d84a72397a_0x711c32e897489e63c4d5e6feba5fcac6888c2b160589b6f30f43d71e74568b7c,BUY,5.000,0.111,0.889
1748476266,poly,0x9398774b3c724064aae7d2fdf45a9b3a78edaa7cbcadbf975ef71025f5ec4307_0x8df4703fa9d567a2409edce435bc615c3fedb5e411953e5bae2050e6737c566b,BUY,29.000,0.114,0.886
1748476268,poly,0xce068406ff3b9597b047048b4d9503e10db7c550139204f59d2c8ddfd59deaaa_0x8df4703fa9d567a2409edce435bc615c3fedb5e411953e5bae2050e6737c566b,BUY,312.000,0.114,0.886
1748476268,poly,0x5900fe3f1a0ed860a9d6c1f0510ad1a537459c1a17ca1fe8b4eb394549af07cb_0x3801e035ebf1192093572829c5d28ae94c01814cdf6a0ca9d207e9a84cd64c0b,BUY,5.000,0.114,0.886
1748476268,poly,0x3a7d37d53fc280e55f0f404f809fe394d016ec03d624f2393b8f4ad14be047c5_0xe6387ffe93f9ee0ea8cdc901f70130cde73650f3d1f66287445fb074f81ac7fd,BUY,100.000,0.120,0.880
1748476268,poly,0x3a7d37d53fc280e55f0f404f809fe394d016ec03d624f2393b8f4ad14be047c5_0x8df4703fa9d567a2409edce435bc615c3fedb5e411953e5bae2050e6737c566b,BUY,157.000,0.114,0.886
1748476268,poly,0x3a7d37d53fc280e55f0f404f809fe394d016ec03d624f2393b8f4ad14be047c5_0x3801e035ebf1192093572829c5d28ae94c01814cdf6a0ca9d207e9a84cd64c0b,BUY,55.000,0.114,0.886
1748476270,poly,0xbc9d5fbf86d50c10bdc544166a6572136234f3cc7bb0ee7feda99b4eeb3da648_0x285f1a25379184d1a94db0dfec9e8290245f73dcdce577eb2c83d7939870a998,BUY,5.000,0.120,0.880
1748476272,poly,0x5ebd32d2f79ab70b63134c3e7a09ce7b0283aa868cf9361b88512a8a20572c87_0xb8d59fe36173b46d5d25d22b9dd35b6fbc6995fb2fdb4b5465da441e4685c3a2,BUY,5.000,0.113,0.887
1748476340,poly,0x522ff26109bf9a4d6d99a4965792cf3e8aa56b34368a9184677878307664b3fa_0xf43aec1b487599014618d52298c3672e5acb5184e8faa798cbad2e2fe12b216c,BUY,30.000,0.125,0.875
1748476340,poly,0x0c14c2ce2a0615802afc56811b43daa3ddf0482c5d1f31e339adbd08463f86c7_0x5acf3f5758174b124e019960bdef5e277f021314988bff68df604cd0ddaf5c3f,BUY,29.000,0.125,0.875
1748476342,poly,0x8e3e8cef1cd61dafe8260313fa9c3c8dad6391b60008dfbb65345d581f2a6eb3_0x5acf3f5758174b124e019960bdef5e277f021314988bff68df604cd0ddaf5c3f,BUY,295.000,0.125,0.875
1748476342,poly,0x39ea0ce62cd86be25ca96db9244b871938d3111d0cdd25eadf2a23bfb1647ffd_0x5acf3f5758174b124e019960bdef5e277f021314988bff68df604cd0ddaf5c3f,BUY,50.000,0.125,0.875
1748476414,poly,0xe39b67430ca5f7cae21fccb2830394477523f110508bf98b668581c6cbd6a105_0x5994d117fbc560424426575da7c5e3fc2c96f8d611f17da0c1adc93864964ee9,SELL,41.000,0.138,0.862
1748477262,poly,0x52bd140de596e99646b781d5f6530d76d4cd28ce4ffd9b94ae82f86af6032360_0x06a488f84c55109291a7410a7c7a7aa9c40a1a70d008a44c02a1679563d406be,BUY,15.000,0.137,0.863
1748477402,kalshi,53f484bd-48b4-4cbd-a2d1-d032f36fca5f,no,16.000,0.130,0.870
1748482375,kalshi,23b3a610-3a97-4879-a924-ecbeca9dcfcf,yes,50.000,0.200,0.800
1748482576,poly,0x66012310aa4f6234ee2f9b05a4c56e6c881b92328a831d2372652cad92b09d2e_0x64feebf41ca8929fa8906e464af50da25a1edd0b965db7f7391e5a9d87eb968d,BUY,7.000,0.141,0.859
1748483458,kalshi,75a788e0-2dec-4226-82da-2ba60240d22f,no,77.000,0.170,0.830
1748483482,kalshi,f7b2fe02-3f32-4eac-aafc-ec9600d19275,yes,123.000,0.170,0.830
1748483482,kalshi,b08b4377-a6c0-4ae9-b91b-b7695f8033ed,yes,877.000,0.180,0.820
1748483488,poly,0xd7b770701d98b0555625126b62169a0cdc83a486f28d708d9b735cd7bcc7e184_0x64feebf41ca8929fa8906e464af50da25a1edd0b965db7f7391e5a9d87eb968d,BUY,77.000,0.141,0.859
1748483516,poly,0xa4a8b578e89e188fa662c7d81421e75c39db339e9d62c06d11275b652d0a4631_0xf170abb037f5890357b7fab5dd799e8fa8d47d5731e857dd432599c2d96b36f4,SELL,984.000,0.144,0.856
1748483516,poly,0xa4a8b578e89e188fa662c7d81421e75c39db339e9d62c06d11275b652d0a4631_0x64feebf41ca8929fa8906e464af50da25a1edd0b965db7f7391e5a9d87eb968d,BUY,15.000,0.141,0.859
1748483534,poly,0xe689b665f90689ca40d311a9dea4789a1b4a3d207372aedaf57215158267301d_0xf170abb037f5890357b7fab5dd799e8fa8d47d5731e857dd432599c2d96b36f4,SELL,200.000,0.144,0.856
1748483580,kalshi,62cad771-da52-4427-9550-45d96a8d52d6,yes,122.000,0.180,0.820
1748483584,kalshi,e9a69cf5-1ccb-4748-8ae2-761861486a7c,yes,1.000,0.180,0.820
1748483584,kalshi,d29dc0f0-3fad-4148-b1a1-fbf7f6a3f6a2,yes,28.000,0.200,0.800
1748483584,kalshi,bbadc3c6-cebb-40f1-a951-bf8a7a6c6259,yes,5.000,0.200,0.800
1748483584,kalshi,8a39d889-a871-4d7c-b07a-8ebfc0ddf2ee,yes,10.000,0.200,0.800
1748483584,kalshi,869bb51d-c8fd-4414-a165-8221ac4daff7,yes,40.000,0.190,0.810
1748483584,kalshi,413a6e82-4bc8-47af-8f15-be4755657a66,yes,250.000,0.200,0.800
1748483584,kalshi,258433a4-2bf5-4dfa-bcfd-383152779886,yes,5.000,0.200,0.800
1748483591,kalshi,e1963f79-9b3e-4136-90a4-96a103a0be26,yes,250.000,0.200,0.800
1748483592,poly,0x5d5b01649c4c4530fe2f4a0f0bc99b01a0f712434d8db724951e618de3417829_0xf170abb037f5890357b7fab5dd799e8fa8d47d5731e857dd432599c2d96b36f4,SELL,250.000,0.144,0.856
1748483594,kalshi,14aa9e61-9998-46cb-8a83-68eab62fb88b,no,250.000,0.200,0.800
1748483596,kalshi,15bafb8e-7cd4-4800-8f10-910a94071f82,no,150.000,0.200,0.800
1748483596,poly,0xb59fe680b566ea72440cb259e52666c7d92ce97e99d977227fbc530d2984a024_0xf170abb037f5890357b7fab5dd799e8fa8d47d5731e857dd432599c2d96b36f4,SELL,250.000,0.144,0.856
1748483598,poly,0x8095ed65cb1aa62a1ad3ccfe54eff602adde4fd5a8096710d4eb387b18e5a6f3_0xf170abb037f5890357b7fab5dd799e8fa8d47d5731e857dd432599c2d96b36f4,SELL,250.000,0.144,0.856
1748483600,poly,0x2c9bf510f7f4bb6ea83858fb8c8d842dfa44aa5a7390f42901eee034291c988f_0xf170abb037f5890357b7fab5dd799e8fa8d47d5731e857dd432599c2d96b36f4,SELL,150.000,0.144,0.856
1748483614,kalshi,f48581ab-d626-43cb-92ff-243f595b1bf6,yes,100.000,0.200,0.800
1748483618,poly,0xc944013d2dea56d151a9fed369a7dad1c393a12da8b66713f9bf58a263e4d1e1_0xf170abb037f5890357b7fab5dd799e8fa8d47d5731e857dd432599c2d96b36f4,SELL,100.000,0.144,0.856
1748483657,kalshi,c52ac8a0-9db2-40f7-a735-8ed49b9e5f67,yes,7.000,0.200,0.800
1748483659,kalshi,f76fd587-742b-4482-934b-4720ab7e665b,no,200.000,0.170,0.830
1748483662,poly,0xb82e4661e8230181b0d7fef2c5cc0c0731f773943cb0b3dc0cb0c9605479367f_0xf170abb037f5890357b7fab5dd799e8fa8d47d5731e857dd432599c2d96b36f4,SELL,7.000,0.144,0.856
1748483666,poly,0xf94cc8e02e012b258d2d75626ea9084b52da7156836b386d8b78965b5d7a4025_0xf170abb037f5890357b7fab5dd799e8fa8d47d5731e857dd432599c2d96b36f4,SELL,200.000,0.144,0.856
1748483670,poly,0x770a8c6ceb9e14d11ecfae24192752127f9bb83fbe5ea706e94591b2a59039f8_0x3dd4f20a73ad785769b44b42f1e686e74e1242aa3823e1742903984b2765d9a1,SELL,7.000,0.134,0.866
1748483670,poly,0x770a8c6ceb9e14d11ecfae24192752127f9bb83fbe5ea706e94591b2a59039f8_0x81bf40184b6bb0943f7e4485ad4f5f2f22c222141e2b97044b2894fef64fd00d,BUY,15.000,0.134,0.866
1748483686,poly,0xe205282bd1578374fc593d41e1da9bce57ba96fbc63ec45711b1f9a5d973eb5c_0xf170abb037f5890357b7fab5dd799e8fa8d47d5731e857dd432599c2d96b36f4,SELL,46.000,0.144,0.856
1748483702,poly,0x5de56726bde106fe155fe87f462da55b0015a1782018689285b1d1d68ebe6210_0xf170abb037f5890357b7fab5dd799e8fa8d47d5731e857dd432599c2d96b36f4,SELL,23.000,0.144,0.856
1748483908,poly,0xdf68f30cfa6d42982f75a8693a25005c82634e2ae76e96c3122c91f15dd944a2_0xf170abb037f5890357b7fab5dd799e8fa8d47d5731e857dd432599c2d96b36f4,SELL,39.000,0.144,0.856
1748483936,poly,0x0b66803fb268da9df5dc41841c60af6ce260031d8f0c5b9169eb7ff0df5bac85_0x712662ff9feb62ebac232c425b69f248e4d61d9d73ca8ebab544d99b21fb91b2,BUY,2100.000,0.147,0.853
1748483937,kalshi,4232e1cc-e919-4fe9-bb9a-49428da3cbe0,no,200.000,0.170,0.830
1748489217,poly,0xe4aa98b1c1da5ffd3b75122731e946661b516e2b3faf2fcb39f6d0ea3f2a00b7_0x9b697c19bf5a98e82da7224384625ab1ddae75cc8c864f75e36d80ad3ac25b94,SELL,38.000,0.157,0.843
1748489217,poly,0xa9c0045e5b831b72644623b24eaeef4834facc537df847fb3f45d33216152d89_0x9b697c19bf5a98e82da7224384625ab1ddae75cc8c864f75e36d80ad3ac25b94,SELL,20.000,0.157,0.843
1748489217,poly,0x4fe7ebd6224571154cd9e01c95c2c5cfa5aa8e5530d16f7471428ce69146afba_0x9b697c19bf5a98e82da7224384625ab1ddae75cc8c864f75e36d80ad3ac25b94,SELL,29.000,0.157,0.843
1748489217,poly,0xe4aa98b1c1da5ffd3b75122731e946661b516e2b3faf2fcb39f6d0ea3f2a00b7_0x036ca86c5fe06b0fcab9c634a520d76f24fef3dd3863915e67e4ea99cc2d1307,BUY,11.000,0.157,0.843
1748489219,poly,0xec343f1ebb0c902c072f6dc34803e10b0ded1af9bc4e4c45c20b89487825f785_0x036ca86c5fe06b0fcab9c634a520d76f24fef3dd3863915e67e4ea99cc2d1307,BUY,20.000,0.157,0.843
1748489221,poly,0xd304250e91abeb8b8aae45955a9800120adcb6d7c44bf1bbb81ebc5aca99be4f_0x0c34855163b53ffd4cf2b5a012dbb5ad8b21def55ead91efab40860eaa6b5d2c,BUY,20.000,0.158,0.842
1748489221,poly,0x6d8acc382cc80938b75b488a16f2e1632622c5f27e06f201595275bfd08f983c_0x3063e4aa97806e897bba520e93b2c2a26606ac75a4ee5dd49206d33920ec0b9a,BUY,30.000,0.156,0.844
1748489221,poly,0x098f3f86430ba64ebbb8637b27ea26d5d4c0c2f5a6a8ef47cc95347e0875827f_0x0c34855163b53ffd4cf2b5a012dbb5ad8b21def55ead91efab40860eaa6b5d2c,BUY,4.000,0.158,0.842
1748489225,poly,0x25fefda5883cb13eba49cfd82dfeb883077a05cd07efe780c63807121dae6386_0x18e1825d49b93edc248a740b6069916a7ec8b4dab7a4099e88f3f09f50a0bf42,BUY,25.000,0.155,0.845
1748489233,poly,0xe9bf80e6a92c15f2585accd18544d8b2f839b0e07414639a66ab022d38e62ec0_0xb3fccb94c87d54120f52e568fab73daf46161175e304434735d5e6456e3313ff,BUY,25.000,0.155,0.845
1748489239,poly,0xe5aa5c4ddc2f49fbdc33f1ae7aec2690417355a31e6d6e99b5c4fa120996f337_0xb8101ab6d440ad8bca1a40d4247c004cf2ffb26d79b1b77a0c7025eb53d28d22,BUY,200.000,0.154,0.846
1748489243,poly,0xfd32d0eafbea05edaac56efb90d7615ecf7a6b14f36825ca405f76634aae6702_0xb8101ab6d440ad8bca1a40d4247c004cf2ffb26d79b1b77a0c7025eb53d28d22,BUY,59.000,0.154,0.846
1748489243,poly,0x5a7f3308cba0878d71d9ce19e6bce74fcffcfe87feb81c2d54b3d7e6aa67c60f_0xc0c4786b297b5ad34952c88adcbfd0b4090b0c41ce0641d7facf71a41ce9a140,BUY,25.000,0.155,0.845
1748489243,poly,0x0f6b97e0103542b1d7889448e7f19a84e8307cf49cd2ed85423b47fc6c8238b9_0xb8101ab6d440ad8bca1a40d4247c004cf2ffb26d79b1b77a0c7025eb53d28d22,BUY,30.000,0.154,0.846
1748489247,poly,0x8c25e985cf2a5bcbe95d14e96e898e6f86e11d1f33399c98a3523d8c9da25da9_0xb8101ab6d440ad8bca1a40d4247c004cf2ffb26d79b1b77a0c7025eb53d28d22,BUY,50.000,0.154,0.846
1748489328,kalshi,3a6b01bd-076b-450a-9b72-766957ce1456,yes,1.000,0.170,0.830
1748489498,kalshi,e53cc443-4a5c-497e-91a8-7008a561e371,yes,134.000,0.190,0.810
1748489498,kalshi,56ee395c-ddea-4b92-b249-de2ed55a66c2,yes,53.000,0.170,0.830
1748489498,kalshi,4abee174-3b59-4f04-b97d-33221087fff6,yes,31.000,0.170,0.830
1748489498,kalshi,308f649d-bbba-4d29-ad52-0e1baa20d6a4,yes,21.000,0.180,0.820
1748489498,kalshi,1d0c2b12-5fea-4e8d-bf27-6d71dd87302b,yes,200.000,0.180,0.820
1748489498,kalshi,1070f771-9bd6-46b0-8432-1fde22ed5232,yes,83.000,0.180,0.820
1748489547,kalshi,1f0a4a13-d34e-4a76-b926-70bedf896132,yes,385.000,0.190,0.810
1748490015,poly,0x926d179fa9510bf3bce06891784a870239393354ee81cc4e6f69f5cfebb125ee_0x9606bab3aec06b64661a702f3323e2cbb33471084bed7cbdf956b5dca44c6456,BUY,60.000,0.155,0.845
1748490117,kalshi,92fb84dc-a132-4d91-add7-23aa21984791,yes,106.000,0.180,0.820
1748491975,kalshi,fc34d901-1c57-473d-8afa-5471effcdbd8,yes,2.000,0.190,0.810
1748492199,poly,0x55fc9dabaf3b3f496858d20ca9324e0aa4d55f74a9ef3d5a466b7f0c8cf1a4fa_0x892687c6252c499e064d9714bcf518f4d4b678bf50cb2fe8ae2eae6f120dd974,BUY,21.000,0.173,0.827
1748494121,kalshi,0e823e8d-111f-4642-81ca-1fb8881e1ad3,yes,52.000,0.180,0.820
1748494415,poly,0xae926dd83347f80e5be1845f449218f13c8a203ef3ea5cd26122ea7f9627c32f_0x671fcc9b5a0695879f834b1cb1f530b606a09e8afa58f0a9278e2746473ed7e5,SELL,100.000,0.176,0.824
1748500279,poly,0xc2b86cb82a9d2425efd00353522112d9f3a020caec2f3f7f4d1f1268e1624bc7_0x2c4b5efc2c380f243d9155081a924fe7592bb51fb90a77d6748d9795a4b84e30,BUY,200.000,0.168,0.832
1748500281,poly,0x1e8d0cb0da1bee535140390e2805c4b0ceb23a19c84d7812677e14f1a2f4a25c_0xff8d88d184599d5db615dcaca2186010af2c74504a81cc9453a6dbd953b36a6b,SELL,3.000,0.162,0.838
1748500281,poly,0x1e8d0cb0da1bee535140390e2805c4b0ceb23a19c84d7812677e14f1a2f4a25c_0xe375fc06a20b0d6dcebb11e33f39a84726632c35952dafb6ae659b1df40598f5,SELL,16.000,0.162,0.838
1748500281,poly,0x9804daf7cec19bc947c69e46c8eabebcab239f65dd3460720bc909d68c3faa7a_0xbdc15ea0e69bd8563017abf6697324ab415a72eb1b9524e4ed647ac4dd0134d0,BUY,150.000,0.167,0.833
1748500281,poly,0x1ff90543baf2af8e0ad5562b3d63d6fd60708c3a17074cfa1b4d7b6df2811d26_0xe8c26e22c57b47d20a090995bcb26a8a5d2738d69fb95d74dc3b44b048262906,BUY,230.000,0.168,0.832
1748500281,poly,0x1ff90543baf2af8e0ad5562b3d63d6fd60708c3a17074cfa1b4d7b6df2811d26_0x2c4b5efc2c380f243d9155081a924fe7592bb51fb90a77d6748d9795a4b84e30,BUY,50.000,0.168,0.832
1748500283,poly,0x5620d026dbc469f474689ea0bf52a89838f694006eb4319f23ea5906968fb369_0xe375fc06a20b0d6dcebb11e33f39a84726632c35952dafb6ae659b1df40598f5,SELL,20.000,0.162,0.838
1748500283,poly,0x40fe5ae8a24870777ccabb16e530b6b41116806e6b88ff22e90c73d4ac429f92_0xe375fc06a20b0d6dcebb11e33f39a84726632c35952dafb6ae659b1df40598f5,SELL,61.000,0.162,0.838
1748500291,poly,0x9c146232038f25a699c4eb31734ed1847727d25491a54aaf815b307c83afd066_0x827c507b4747c3f1de11b27fc9bfceade9df0a569bd97cab3ad04c42146f3bd3,BUY,42.000,0.168,0.832
1748500291,poly,0x576f3bbd25f4f938aee3637ffe66071768951208e635ef6a563838fd9e8da07a_0x827c507b4747c3f1de11b27fc9bfceade9df0a569bd97cab3ad04c42146f3bd3,BUY,100.000,0.168,0.832
1748500295,poly,0x1de160ccbe6f16de83c19af6a57183fb4ae6615267a3abb7cb6f8d7b1b7830dd_0xb80194d7da15b299d6f62d5bceac9e8adc826553982eef31327a48eee70837b0,BUY,200.000,0.168,0.832
1748500333,kalshi,a3ef83cf-6515-480a-bb16-fe0ac7a13b08,no,20.000,0.170,0.830
1748500333,kalshi,9f01cba5-b554-4808-96be-df7e2f8feae0,no,32.000,0.170,0.830
1748500333,kalshi,989b9d02-6e4f-41e1-b8eb-c864fd0dd069,no,48.000,0.160,0.840
1748500341,poly,0x316f220397c4e821261a4452eac204d98413f95da2080be18f440fa18b3772b5_0x86247034418e0a7f8eb0cbd82453aefae880e37e094791263148bf4993777c0f,BUY,5.000,0.134,0.866
1748500426,kalshi,9bf37b99-a4f9-4dc1-98d0-d417a5e04d95,no,9.000,0.160,0.840
1748500426,kalshi,59006b7e-517f-4d2b-8bc8-c862f18df8b9,no,11.000,0.160,0.840
1748500431,poly,0x7e9bcb38c11c771b4a42dfe110c945e2ba45df2de1b411cbaacbce21fd6d2895_0x7d136efd37453212414361cbd5884012ee7ee5da4abafdf9483a7b4c5a788b03,BUY,20.000,0.130,0.870
1748500441,poly,0x31ea81053e014a82efb7d7de32f0d9f4e77014882cdf3cf45125a5f6dead127d_0x62b2a6c89aafb3d159849afd1061987f28d8defc566adc6f39b13e5f32a9d9f0,SELL,50.000,0.121,0.879
1748500467,kalshi,fc03973b-2dbf-4741-8164-697a204bae4f,no,66.000,0.160,0.840
1748500467,kalshi,b40e85fc-02b8-44a0-8327-1f6a2fe4edd8,no,13.000,0.160,0.840
1748500467,kalshi,09a5f129-80a8-4a25-9567-1ac8af3fd3ac,no,21.000,0.150,0.850
1748500467,poly,0x9cd1e302baa4f8a9af1cb610882368502be01f145d5cf02090cd2e71de34891b_0x62b2a6c89aafb3d159849afd1061987f28d8defc566adc6f39b13e5f32a9d9f0,SELL,20.000,0.121,0.879
1748500471,poly,0xa34dcb659ce29c2a194376573a0f6a16db7268e628b5d52386d16899fdd654fb_0x62b2a6c89aafb3d159849afd1061987f28d8defc566adc6f39b13e5f32a9d9f0,SELL,330.000,0.121,0.879
1748500471,poly,0xa34dcb659ce29c2a194376573a0f6a16db7268e628b5d52386d16899fdd654fb_0x04bee1e544a6ba0c499e68f93068525d1250b974dad22432a2747f8aff3b8c60,BUY,100.000,0.121,0.879
1748500479,kalshi,dcf4d535-65f2-4c6f-8dee-1399e38d6dd7,no,40.000,0.150,0.850
1748500479,poly,0xc937ae490a66ef2cb47bcd7922aa8dc5f2c14051f1c5309dd392344bf739b614_0x01f39e9ad7bd7004d5767a07960685f5594b1d4eb8c60e65c7d7231143bdf9e2,BUY,90.000,0.122,0.878
1748500483,poly,0xa2676f8aa7b2ccfd27e8b51b3b56bb2b6bb63de3fb6f247abe7e98f0006c81fb_0xe5cc877c0d94f94ba0255341a6a24d81f0a8bb9139be56b72782973dbe97be92,BUY,40.000,0.122,0.878
1748500506,kalshi,88c7c90c-4a23-4abe-9633-4f8df30e8efa,no,100.000,0.150,0.850
1748500506,kalshi,d69780d6-c29a-44f7-98cb-430733298989,no,100.000,0.150,0.850
1748500506,kalshi,28ef50ff-a502-42f6-ad3b-4bc5e3c77358,no,100.000,0.150,0.850
1748500509,poly,0x9dc3b5cb65445b824768e8aadbda3f0d110e80ac1cb54d24408242ff0cb5dc2b_0x016d160836da68c892812bf1d1a419fb4d7dd42886603d348129e53abef4b75c,SELL,341.000,0.110,0.890
1748500509,poly,0x9dc3b5cb65445b824768e8aadbda3f0d110e80ac1cb54d24408242ff0cb5dc2b_0xe3f9fec29220dd0d54351aba348802ee1738f9b45f3a0723f47c3936183fa52e,BUY,100.000,0.110,0.890
1748500509,poly,0x9dc3b5cb65445b824768e8aadbda3f0d110e80ac1cb54d24408242ff0cb5dc2b_0xb7d804e48bdd0953a567ac3def326e14229c4b380d9eaed13f9ae11316b02b53,BUY,10.000,0.101,0.899
1748500509,poly,0x9dc3b5cb65445b824768e8aadbda3f0d110e80ac1cb54d24408242ff0cb5dc2b_0xad1a7d8551e254b56582c6c96de876c32e4bddfe103c9be124efc40e728b5022,BUY,115.000,0.092,0.908
1748500509,poly,0x9dc3b5cb65445b824768e8aadbda3f0d110e80ac1cb54d24408242ff0cb5dc2b_0xa8801d6bb0514d5b05e3d45f846a46081ecc3827e4adcb06cb82731155e8f209,BUY,100.000,0.100,0.900
1748500509,poly,0x9dc3b5cb65445b824768e8aadbda3f0d110e80ac1cb54d24408242ff0cb5dc2b_0x875fdb0881e2a3754e8b8ee7d5c83a10551fd4a83fb2ed93061cc5e354758c69,BUY,100.000,0.120,0.880
1748500509,poly,0x9dc3b5cb65445b824768e8aadbda3f0d110e80ac1cb54d24408242ff0cb5dc2b_0x4cbcae72854ea647f1ba20aaf2daacde00805e8b135df715ba66b2f57f38998f,BUY,300.000,0.092,0.908
1748500531,kalshi,01827c2a-da32-4ffd-8c01-f4311bcde473,no,79.000,0.150,0.850
1748500536,kalshi,221d4f10-b2c7-4ddb-88f8-8bbae6f8bfb3,no,150.000,0.150,0.850
1748500541,poly,0xcaf4466063c5265352bfe69bf8187b4725f48d3e6e6a57d2ddfbe20438626345_0xbb14037969efea4b3b757156abcf075175e2af5eaef0df50f2b466593132b920,BUY,55.000,0.116,0.884
1748500541,poly,0xcaf4466063c5265352bfe69bf8187b4725f48d3e6e6a57d2ddfbe20438626345_0x4e58ef7e34199be1fc592cf46c9dee7ddb2bfa93409d570f8fe85afc013b8b06,BUY,100.000,0.116,0.884
1748500554,kalshi,6008ccd7-01b1-48dc-8b6c-80371a765223,no,31.000,0.150,0.850
1748500584,kalshi,c5f312f5-ec5c-4fe2-91d1-bb08469d8564,no,21.000,0.150,0.850
1748500593,kalshi,625952c1-292e-4673-9de5-21e7f6026aed,no,100.000,0.150,0.850
1748500639,kalshi,5ef96bec-1da5-4326-a037-3013a4473f02,no,100.000,0.150,0.850
1748500646,kalshi,8b4a9d18-7899-41c3-be08-122618a966e3,no,100.000,0.150,0.850
1748500649,kalshi,bf81aff0-e2c3-4215-a6d0-65b4a1a9d012,no,100.000,0.150,0.850
1748500650,kalshi,2f64dc3c-af2b-43ee-83ac-a004a0bb187c,no,50.000,0.150,0.850
1748500651,kalshi,5e73a0f8-3b80-4223-bfc5-870b37d2352e,no,100.000,0.150,0.850
1748500651,kalshi,868b24f4-b185-46fd-89d6-260a971783cf,no,50.000,0.150,0.850
1748500652,kalshi,f2ab8aed-39ee-4290-9425-c28b4d27f3b4,no,100.000,0.150,0.850
1748500652,kalshi,c5510eda-1318-4cdb-aa28-ecf08c285502,no,5.000,0.150,0.850
1748500692,kalshi,2f30c97c-83d6-4d4a-a775-82bb6c5198b0,no,100.000,0.150,0.850
1748500693,kalshi,34f5979d-edbb-417c-9688-3742f527bced,no,100.000,0.150,0.850
1748500694,kalshi,8e59d0d6-1735-40ba-9eea-8af3e3406171,no,100.000,0.150,0.850
1748500695,kalshi,51c76d2e-6017-468c-b0f8-a21772a9b076,no,100.000,0.150,0.850
1748500699,kalshi,42d87287-09c4-46c5-934a-fef23ae1a50f,no,100.000,0.150,0.850
1748500700,kalshi,c3276c58-b83d-4589-9dbb-55ce989d68e6,yes,7.000,0.160,0.840
1748500700,kalshi,a35f7b75-57f4-45f2-b444-4e8522b1648b,no,100.000,0.150,0.850
1748500702,kalshi,a23bb6f8-2cea-4102-b532-b7cd1786e3df,no,13.000,0.150,0.850
1748500702,kalshi,a42ae060-7261-4d25-836d-84b8dc91eb49,no,99.000,0.150,0.850
1748500702,kalshi,22e5449e-6fdf-47fa-b44c-9a1d62d7d613,no,79.000,0.150,0.850
1748500708,kalshi,be0a4994-0ba3-4341-b5d7-e86578daa8a8,no,100.000,0.150,0.850
1748500711,kalshi,0ff0ba17-a621-40c6-8c72-0d427290dd56,no,100.000,0.150,0.850
1748500716,kalshi,b9778115-9b93-456b-a70e-ad015040751d,no,100.000,0.150,0.850
1748500717,kalshi,24edbc00-4154-4c58-8dd7-6406f6205c0c,no,100.000,0.150,0.850
1748500719,kalshi,79a0c43c-8d39-4975-95f9-0b5b72c0789d,no,20.000,0.150,0.850
1748500824,kalshi,b6c5b4af-00c2-4ba6-bc37-207ba3ca9822,no,1.000,0.150,0.850
1748520027,kalshi,aae3ff3e-15cf-4256-84f1-6b79d0c5b6d3,no,4681.000,0.140,0.860
1748520027,kalshi,b98db9d9-4ae2-4bfb-abb6-0fbb2e6a1082,no,736.000,0.150,0.850
1748520165,poly,0x948f2b8067170f5fc7b95f0aef6cf16830e67a7f2d0c1557519c10dcbd19d465_0xaf7682d7e4c89315c00f08b933d153476995070fdf9e3b68e37ccaee4d5621aa,BUY,2041.000,0.122,0.878
1748520165,poly,0x948f2b8067170f5fc7b95f0aef6cf16830e67a7f2d0c1557519c10dcbd19d465_0x9e9f6f0d452d5c71e0a81eb3899ae4d7fcdca7c8bce1ee852b3008b11db8a821,BUY,200.000,0.133,0.867
1748520165,poly,0x948f2b8067170f5fc7b95f0aef6cf16830e67a7f2d0c1557519c10dcbd19d465_0x9add1ecbbce40640fb2b1cb323a748bb4807f8581b4b99ffc3f51efd20692b2a,BUY,200.000,0.132,0.868
1748520165,poly,0x948f2b8067170f5fc7b95f0aef6cf16830e67a7f2d0c1557519c10dcbd19d465_0x95d81ddd82db2585ca9c810dc465efbc546fc9a0afa08a427096ec6515ccda81,BUY,200.000,0.132,0.868
1748520165,poly,0x948f2b8067170f5fc7b95f0aef6cf16830e67a7f2d0c1557519c10dcbd19d465_0x95b94213e593dc2297eae9914fdcb4fa00f2e8a96e506e3543cd2fd4511e4875,BUY,200.000,0.135,0.865
1748520165,poly,0x948f2b8067170f5fc7b95f0aef6cf16830e67a7f2d0c1557519c10dcbd19d465_0x946504f607cb50a6310a0f7bffde46faaec7bb3959e6e035beedada8ffd7c3ef,BUY,200.000,0.133,0.867
1748520165,poly,0x948f2b8067170f5fc7b95f0aef6cf16830e67a7f2d0c1557519c10dcbd19d465_0x858b736eccd579c75a899f9f291ca6819a7c38cfcd3a5ba7ef56df6883aa0d6b,BUY,200.000,0.136,0.864
